2692 4666
621 369 864 440 ..76-

298 551 362 607 tum
382 547 557 609 tribuerim.
601 547 784 611 Obsoletum
806 546 889 610 enirn
910 545 1042 609 verbum
1063 549 1131 621 est;
1158 544 1195 608 in
1218 561 1280 626 qno

300 672 419 733 genere
442 653 621 734 indagando
635 654 801 734 plurimum
819 671 935 733 operae
951 652 1036 716 Stilo
1048 651 1163 734 posuit
1180 649 1280 714 Glos-

296 759 430 821 sarium:
450 756 604 834 Dadr’vuS,
625 758 730 840 ἄφρων,
751 757 866 840 ἄπειρος.

728 891 765 952 V.

218 991 369 1061 VAltbo
389 995 428 1061 de
448 992 488 1060 L.
509 992 550 1060 L.
576 992 651 1060 Vll.
670 1012 702 1078 p.
723 1001 793 1059 325.
813 993 935 1077 Speap.

272 1103 382 1169 bUCA
403 1103 483 1168 Bos
506 1103 658 1185 elephas3
681 1122 737 1165 cur
757 1103 805 1165 ita
832 1103 875 1164 sit
902 1102 996 1179 dicta,
1023 1100 1144 1164 dnobus
1169 1100 1276 1165 modis

211 1209 323 1274 inveni
344 1210 503 1291 scriptum.
525 1212 604 1273 Nam
625 1210 659 1272 iu
682 1205 718 1272 0.
739 1204 829 1272 Aelii
851 1210 1086 1272 commentario
1107 1211 1198 1271 erat:
1220 1201 1273 1273 Ab

212 1313 354 1401 Libycis
374 1313 499 1380 Lucus.

299 1425 366 1486 Hoc
386 1425 457 1486 loco
478 1423 600 1486 Miiller
621 1423 697 1486 item
718 1423 818 1485 edidit
840 1419 996 1486 Cornelio
1018 1421 1068 1486 cf.
1089 1421 1145 1485 rr.
1165 1423 1225 1485 111.

208 1656 437 1725 msrusv.
459 1655 573 1724 Miles
713 1555 767 1617 Vl·

268 1762 480 1831 Mltlllllll
506 1761 626 1831 Aelius
656 1785 678 1830 a
710 1765 851 1832 mollitia
877 1767 933 1829 κατ’
957 1766 1120 1847 ἄντίφρασιν
1148 1703 1273 1832 dictum

107 1960 109 1965 Ι
208 1879 316 1957 putot,
332 1890 371 1937 eo
389 1873 475 1956 quod
488 1873 571 1937 nibil
583 1872 691 1952 molle,
705 1874 765 1939 sed
777 1879 890 1956 potius
907 1892 1062 1956 asperum
1080 1873 1158 1959 quid
1165 1881 1273 1957 perat.

293 1983 456 2062 interpres
479 1981 569 2044 Festi
589 1980 670 2044 baec
692 1983 794 2044 verba
821 1980 964 2043 vindicat
991 1979 1119 2044 Stiloni.
1161 1982 1271 2063 Neque

290 2088 454 2151 immerito.
484 2091 633 2168 Namque,
655 2093 690 2149 ut
712 2085 915 2151 ordinarium
934 2085 1089 2150 bominem
1110 2088 1273 2170 interpre-

290 2199 376 2257 tatus
399 2201 456 2274 est,
469 2195 523 2278 qui
542 2195 668 2256 minime
691 2194 803 2256 ordine
826 2194 962 2272 viveret,
981 2193 1028 2255 ita
1048 2194 1083 2256 in
1103 2193 1272 2259 absurdam

296 2299 413 2365 militis
433 2302 656 2382 etymologiam
677 2300 835 2363 facillime
856 2298 924 2363 labi
944 2299 1053 2379 potuit

702 2433 773 2494 vll.

215 2534 395 2629 Euodus
414 2558 442 2602 v.
463 2535 569 2626 Minu.

270 2638 432 2709 MINAM
446 2640 565 2709 Aetius
583 2646 759 2708 vocitatum
772 2647 821 2709 uit
836 2660 1007 2711 mammam
1021 2642 1162 2710 altem
1181 2643 1269 2711 lacte

206 2747 420 2832 deficientem
443 2755 540 2834 pansi
560 2755 719 2815 minorem
739 2747 894 2831 sactum.‘,

707 2885 792 2947 vill.

211 2988 391 3057 Fusuus
410 3011 439 3055 v.
456 2987 658 3056 Molucrum.
674 2984 677 2991 ’

272 3095 425 3164 Cloatius
439 3102 537 3163 ettam
553 3097 600 3180 (et
613 3094 748 3177 Aelius)
765 3102 800 3161 ia
815 3095 913 3162 libris
926 3114 1101 3164 samaram
1122 3090 1266 3160 Monu-

207 3200 334 3269 cuum
356 3202 450 3289 ajunt
471 3223 547 3270 esse
567 3204 689 3287 lippum
711 3204 869 3288 quoddam
892 3204 1098 3297 quodrutpm,
1127 3201 1183 3268 aba
1207 3206 1265 3267 tm-

202 3308 354 3374 molatur.

289 3417 337 3482 Cf.
358 3419 433 3500 Sup.
454 3439 483 3500 p.
505 3423 556 3482 5⁷.
591 3419 912 3482 Animadvertendum]
940 3423 998 3497 est,
1019 3417 1178 3482 Cluatium
1203 3417 1265 3479 Ve-

285 3534 356 3587 rum
383 3532 416 3589 et
442 3526 566 3588 Aelium
593 3527 750 3591 Stilonem
781 3527 908 3608 saepius
939 3525 1123 3607 componit
1155 3525 1263 3588 Festo.

285 3633 377 3695 Vidd.
399 3634 453 3696 llr.
474 3636 562 3695 Xlll.
579 3636 681 3695 XXll.
696 3634 812 3696 XXIV.
834 3633 966 3709 Quoties
988 3639 1093 3696 autem
1116 3630 1263 3712 conjunc-

280 3741 336 3802 tim
357 3741 489 3803 laudant
476 3746 537 3817 tur,
559 3740 702 3801 refertur
724 3759 831 3802 eormn
853 3740 1014 3803 sententia
1041 3740 1082 3803 ad
1102 3738 1263 3803 voeabula

283 3866 363 3929 quae
386 3847 426 3910 ad
447 3865 540 3909 saera
559 3865 618 3926 per
620 3845 731 3908 tinent
755 3847 842 3909 Unde
863 3847 1062 3928 probabilius
1090 3846 1205 3913 etiam
1214 3845 1262 3923 lt,

283 3947 373 4019 Aeto
393 3971 507 4018 nomen
527 3951 579 4016 bio
599 3952 802 4019 inserendum
824 3973 905 4019 esse.
