2692 4666
94 570 96 575 .
143 511 252 594 logice
273 516 476 593 quaerrmtur.
511 514 665 578 Fortasse
686 529 765 598 ergo
777 514 888 595 delio,
909 515 982 579 viro
1003 513 1037 578 iu
1058 512 1121 577 hoc
1141 518 1204 576 stu-

143 618 266 681 diorum
295 635 416 698 genere
445 623 624 685 exercitato
659 642 698 686 ac
725 623 868 687 Plautini
895 622 1050 685 sermonis
1087 622 1204 684 studio-

141 725 275 799 sissimo,
297 726 537 806 etymologicum
565 728 755 806 Plautinum,
782 728 999 790 elucubratum
1027 744 1114 806 opus,
1136 743 1204 788 sur-

4 849 7 856 ·
140 831 249 912 ήρυίῒ,
301 834 437 895 Praeter
470 834 592 896 iudices
626 853 721 916 super
753 834 861 897 Plauti
899 833 1018 896 fabulis
1048 831 1205 912 ambiguis

139 943 333 1031 memoratur
361 940 472 1004 Servii
500 944 774 1016 commeotaaus3
792 939 892 1022 cujus
924 959 1017 1002 unum
1043 941 1205 1019 fragmen-

138 1050 204 1106 tum
231 1051 386 1126 superest
409 1047 511 1123 Quid'l
534 1048 563 1111 si
583 1048 636 1111 hic
657 1050 725 1130 ipse
747 1048 988 1111 commentarius
1009 1048 1094 1110 liber
1118 1046 1206 1109 Aelii

139 1149 278 1213 ineditus
299 1152 370 1230 fuit,
399 1170 490 1234 quum
516 1154 729 1234 fragmentum
749 1152 832 1215 illud
853 1152 995 1215 Plautini
1017 1152 1111 1216 verbi
1141 1153 1206 1215 ori-

140 1258 249 1338 ginem
269 1264 416 1339 spectare
437 1260 586 1340 potuerit

203 1363 424 1427 Memorantur
442 1369 615 1445 praeterea
634 1362 745 1428 Servii
772 1363 850 1428 libri
877 1362 997 1425 Graeci
1024 1368 1057 1426 et
1083 1363 1207 1442 Latini,

74 1477 75 1480 ’
141 1467 254 1549 quibus
276 1465 483 1530 vehementer
503 1486 581 1548 opus
602 1468 703 1531 fuisse
721 1467 870 1532 Ciceroni
892 1468 1036 1531 vidimus.
1057 1469 1135 1530 lude
1153 1473 1207 1533 ta·

139 1594 213 1638 men
232 1574 357 1663 minime
390 1579 523 1654 constat,
554 1595 661 1639 omncs
689 1576 885 1657 conscriptos
917 1594 937 1638 a
969 1574 1087 1640 Servio
1117 1594 1208 1653 esse3

141 1680 355 1762 probabiliter
374 1665 571 1745 bibliotheca
592 1681 661 1763 ejus
683 1684 892 1765 significatur,
919 1702 936 1745 e
967 1682 1069 1746 variis
1096 1682 1209 1759 uario-

137 1804 218 1867 rum,
237 1786 339 1869 ipsius
361 1786 457 1851 etiam
478 1787 617 1869 seriptis,
639 1788 820 1869 composita
1050 1854 1053 1861 ,

205 1892 336 1976 Scripta
356 1892 457 1977 igitur
479 1901 512 1959 et
532 1896 722 1985 fragmenta,
737 1914 817 1978 quae
839 1895 879 1958 ad
898 1899 1040 1958 nostram
1059 1893 1209 1960 notitiam

140 2006 368 2082 pervenerunt,
388 1998 470 2064 baec
490 2006 573 2065 suut

658 2132 681 2192 l.

157 2251 292 2320 lodices
312 2271 415 2337 saper
436 2251 553 2320 Plauti
572 2251 710 2335 Iobatis,
732 2270 817 2336 qaue
837 2251 993 2317 dicontur
1013 2247 1193 2332 ombiyaoe.

550 2382 679 2448 Gellius
700 2384 756 2446 lll.
777 2387 806 2447 Β.
845 2453 848 2459 ,

561 2505 582 2545 ὓ
765 2504 786 2545 fi

494 2555 497 2564 '
664 2549 685 2590 ss

647 2640 686 2701 11.

162 2793 164 2796 >
399 2833 407 2841 ,
474 2830 477 2835 ,
528 2754 800 2825 Commentarius.

136 2860 341 2933 audurus
362 2861 469 2931 ΧΙΙΙ.
491 2872 541 2932 23.

197 2971 243 3034 Ac
264 2990 304 3033 ue
334 2970 368 3033 id
399 2971 522 3054 quidem
547 2968 866 3053 praetermittendum
899 2974 984 3050 puto,
1015 2968 1201 3031 cuicuimodi

137 3081 196 3156 est,
219 3076 299 3159 quod
321 3076 355 3138 iu
376 3076 599 3140 commentario
622 3075 754 3158 quodam
775 3073 885 3140 Servii
902 3073 1028 3138 Claudii
1049 3074 1201 3156 scriptum

137 3180 329 3245 invenimus:
352 3177 496 3245 Nuulo
515 3180 639 3245 dictam
659 3181 758 3263 quasi
787 3174 917 3254 Nomio,
945 3176 1009 3242 boc
1037 3183 1100 3255 est,
1126 3182 1202 3243 siaa

138 3289 193 3350 iro
222 3293 253 3352 et
282 3306 356 3361 cum
382 3286 588 3370 placiditote,
615 3293 650 3352 ut
679 3305 717 3349 eo
746 3288 878 3352 aomina
902 3289 1012 3349 mitem
1038 3284 1200 3371 moaqail·
1227 3284 1229 3291 '

138 3393 269 3477 dumque
289 3390 364 3475 fieri
386 3391 531 3460 Mortem
551 3413 731 3478 precentor.

219 3504 287 3566 lloo
316 3503 419 3584 capite
455 3503 582 3566 Gellius
610 3504 751 3584 disputat
779 3501 818 3564 de
854 3501 965 3579 forma
1001 3499 1139 3581 origiue,
1166 3505 1201 3565 et

222 3610 455 3693 significatione
482 3611 632 3673 vocabuli
659 3606 763 3672 Nerio
797 3628 823 3671 s.
850 3605 1006 3683 Neriene,
1043 3608 1199 3687 Plautum,

129 3716 131 3720 ”
223 3716 364 3780 Gellium
385 3719 418 3779 et
438 3715 593 3777 bicinium
615 3715 779 3779 Imbricem
800 3714 1043 3777 memorarem
1058 3714 1121 3777 fine
1143 3714 1199 3777 ad-

222 3822 269 3883 dit
290 3819 418 3910 (ilaudii
446 3819 677 3900 etymologiam,
700 3837 790 3900 quam
812 3824 917 3881 tamen
936 3838 1002 3881 uon
1021 3820 1128 3902 magui
1149 3820 1198 3884 vi-

222 3927 314 3989 detur
335 3927 460 3999 fecisse,
482 3928 627 4009 quoniam
649 3927 751 4019 addit?
773 3925 970 3993 cuicuimodi
991 3932 1051 3993 est.
1088 3927 1137 3994 cf.
1157 3928 1196 3991 de
