2692 4666
450 336 721 410 ·-1a-

78 510 175 573 autem
208 507 268 571 illc
295 522 407 571 veram
433 505 598 587 originem,
625 504 850 585 professusque
879 520 956 584 eam,
983 509 1128 588 quamvis

75 610 105 675 in
129 611 285 674 clientela
314 609 392 690 ejus,
421 629 442 673 a
469 629 530 692 quo
558 608 767 672 manumissus
795 616 875 690 erat,
907 618 1060 693 maneret,
1096 619 1130 677 ct

73 718 263 800 gentilitium
283 736 397 781 nomen
417 714 556 782 Antonii
576 735 655 780 vero
676 717 796 780 nomini
818 715 1005 800 Gaipboais
1034 721 1130 785 adde-

72 830 129 905 ret,
145 824 224 906 jura
243 845 302 889 sua
321 825 542 906 recuperabat,
556 829 589 886 et
603 824 638 887 in
651 823 835 887 libertatem
856 826 1079 891 vindicabatur
1094 827 1131 908 ¹).

70 933 198 998 Similia
218 931 368 997 babemus
391 926 545 1013 exempla*
559 931 642 1013 apud
671 931 866 1011 Suetonirmr,
897 934 1011 1015 quibus
1039 952 1131 1017 aper-

71 1041 134 1104 tior
153 1058 210 1103 res
232 1041 305 1103 erit.
340 1039 491 1104 Valerius
513 1037 592 1103 Cato
617 1036 654 1117 ²),
681 1038 758 1102 item
786 1039 911 1117 Gallus,
933 1042 986 1123 qui
1013 1060 1132 1106 anon-

72 1145 171 1209 nullis
191 1145 330 1208 Burseni
351 1142 511 1224 cujusdam
531 1143 668 1206 libertus
695 1141 823 1207 babitus
850 1147 965 1226 fuerat,
993 1148 1063 1229 ipse
1092 1149 1133 1211 li-

72 1253 168 1331 bello,
190 1271 282 1334 quem
311 1251 450 1334 scripsit,
478 1252 649 1332 ingenuum
676 1269 711 1314 se
738 1257 846 1316 natmn
872 1254 1061 1332 declaravit,
1091 1261 1133 1333 ct,

73 1361 225 1443 pupillum
245 1359 400 1438 relictmn,
421 1358 556 1422 licentia
582 1357 711 1422 Sullani
736 1361 889 1442 temporis
919 1367 1048 1425 exutum
1077 1381 1133 1442 pa·

74 1468 232 1531 trimonio.
253 1466 349 1530 Aliud
369 1466 558 1547 exemplum,
573 1465 686 1547 quiippe
708 1485 777 1529 cum
797 1474 908 1532 nostro
929 1468 1136 1550 conjmrotius,

73 1575 272 1639 manifestius
293 1579 352 1636 est
372 1573 528 1636 Traditur
548 1572 583 1638 (l.
604 1573 758 1637 Melissus
780 1573 807 1655 3)
828 1575 995 1658 ingenuus,
1016 1578 1074 1640 sed
1094 1578 1133 1641 ob

75 1682 264 1747 discordiam
282 1686 448 1764 parcntrnn
469 1681 644 1762 expositus
674 1682 792 1745 deinde
820 1684 860 1747 ab
890 1662 1060 1749 educatore
1088 1685 1136 1749 in-

75 1793 214 1870 stitutus,
235 1790 416 1853 Maecenati
445 1789 569 1851 mimeri
596 1790 699 1852 datus.
740 1790 801 1856 Cui
827 1811 919 1874 quum
945 1813 982 1856 se
1011 1799 1138 1876 gratnm

77 1900 213 1978 rideret,
235 1912 421 1979 quamquam
440 1896 612 1960 adserente
633 1901 746 1974 matre,
772 1900 949 1979 permansit
967 1906 1075 1964 tamen
1102 1901 1137 1963 in

76 2013 162 2071 statu
190 2004 368 2082 servitutis,
400 2008 672 2085 praesentemque
698 2003 918 2069 conditionem
943 2025 1043 2071 verae
1071 2011 1138 2070 ori-

73 2117 142 2197 piai
164 2111 354 2193 anteposuit,
375 2111 476 2174 donec
496 2111 704 2175 manumissus
727 2118 777 2176 est
798 2130 818 2174 a
844 2112 1050 2178 benefactore
1071 2132 1138 2176 suo.

76 2223 173 2289 Nulla
202 2224 308 2283 autem
334 2237 432 2289 causa
461 2223 520 2299 est,
549 2237 607 2281 cur
633 2225 789 2301 putemus,
817 2219 1016 2301 (inipbonem
1038 2239 1138 2284 verae

77 2327 197 2411 origini
227 2324 373 2391 libertini
406 2325 619 2390 conditionem
653 2326 855 2417 praetulisse,
889 2346 949 2390 nec
977 2328 1141 2406 maluisse,

77 2438 208 2501 aonam
228 2433 428 2498 Alexandria
448 2434 598 2514 delatum,
625 2453 666 2498 ea
692 2435 930 2499 existimatione
957 2435 1031 2516 frui,
1058 2455 1141 2518 quae

76 2544 182 2609 libero
203 2541 323 2606 bomini
343 2542 550 2624 contingebat
562 2539 599 2622 ⁴).
621 2546 821 2626 Quapropter
842 2543 924 2607 nihil
945 2563 1023 2609 sane
1044 2545 1142 2627 impe-

77 2651 135 2730 dit,
161 2669 205 2712 ne
235 2649 385 2728 dicamus,
413 2646 620 2730 Gniphonem,
651 2669 744 2731 quum
779 2651 814 2714 in
846 2651 1029 2717 libertatem
1056 2658 1144 2716 esset
1188 2722 1201 2745 l

77 2764 233 2836 assertura,
254 2757 397 2822 scribere
418 2756 560 2837 potuisse
582 2759 623 2820 ad
637 2759 840 2837 Herenniano,
854 2766 1022 2841 cognatum
1043 2779 1141 2838 suum,

78 2866 183 2931 civem
203 2865 384 2928 aomanrm.
425 2862 565 2939 Quodsi
592 2884 657 2928 non
683 2865 862 2947 negandum
891 2865 1050 2946 videatur,
1081 2866 1143 2930 bac

115 3035 139 3109 ¹)
160 3030 442 3176 &ielgulfijurist
462 3030 625 3096 linealiter
645 3052 707 3095 noa
727 3035 824 3114 officit
843 3034 1044 3096 nummasio.

116 3196 285 3359 *Zffiffiug
301 3197 413 3340 {gilla
440 3281 615 3360 quaestione
641 3281 806 3342 dubitabat
847 3278 1020 3362 Rescripsit
1047 3286 1148 3349 autem

165 3363 194 3423 ei
215 3359 381 3441 Trajanus:
413 3360 568 3431 Quaestio,
589 3383 667 3443 quoe
685 3365 821 3444 pertinet
841 3364 886 3423 cet
905 3385 967 3434 eos,
988 3367 1042 3446 qai
1061 3363 1149 3424 ittera·

166 3444 243 3515 oali,
264 3446 408 3523 expositi,
429 3446 541 3505 cleia&
560 3444 672 3507 rathate'
691 3467 712 3506 a
731 3446 910 3528 quibusdam
940 3455 971 3508 ct
999 3450 1032 3508 ia
1059 3448 1147 3507 setei-

167 3532 231 3588 aete
251 3526 375 3587 cdaoote'
394 3535 472 3598 aaut,
493 3547 586 3608 coepe
607 3535 741 3589 nomaso
761 3536 821 3590 est:
842 3549 899 3589 aec
918 3531 1084 3612 qoadqoom
1103 3530 1145 3588 ia-

168 3609 288 3671 emtor
308 3610 342 3669 ia
362 3613 584 3671 coamoeatorr'o’e
603 3631 705 3673 eoram
725 3611 915 3692 Principiam,
936 3615 990 3694 qai
1011 3620 1080 3672 onte
1100 3631 1146 3669 me

164 3693 299 3771 sumat,
307 3692 393 3774 qaod
404 3695 448 3754 act
458 3714 561 3754 amaea
571 3697 748 3774 procinctos
761 3696 800 3755 sit
814 3698 1063 3757 emunctam-
1071 3694 1144 3754 Ideo

168 3794 225 3834 aec
239 3777 433 3836 mcertioacm
445 3776 658 3856 deaeyoadom
677 3780 723 3847 iio,
745 3780 798 3859 qai
817 3798 859 3838 aa
879 3778 1029 3862 ejamaofi
1047 3794 1144 3836 consa

166 3858 200 3917 ia
220 3856 388 3918 libertatem
406 3857 649 3930 vindicabantur,
665 3868 879 3942 portataeque
904 3863 1005 3941 ipsam
1025 3857 1143 3919 liberto

170 3946 229 4001 tem
249 3941 457 4003 redimendam
473 3944 576 4024 pretio
595 3941 813 4006 mmmmm
835 3940 932 4023 Epist
953 3941 973 4003 b
993 3941 1034 4002 X.
1055 3940 1105 4004 72.
