2692 4666
556 334 801 407 ...16-

148 527 339 594 magnopere
388 510 544 576 infirmari
590 509 814 585 existimamus,
850 503 932 586 quod
977 500 1132 566 Schutzio
1172 500 1213 564 ad

147 618 342 700 probandam
378 617 569 683 sententiam
599 633 686 678 suam
718 611 908 695 praesertim
935 606 1213 671 demonstrandum

146 720 328 787 videbatur.

207 827 316 907 Neque
338 842 418 888 vero
438 825 521 889 illud
542 825 616 892 leve
645 828 863 904 argumentum
889 825 948 899 est,
975 819 1057 901 quod
1087 838 1104 880 e
1133 816 1212 879 Gni-

146 927 260 1013 pbonis
282 928 518 1010 comparatione
541 947 609 991 curn
630 928 761 990 doctore
784 906 989 989 llerenniano
1010 924 1139 1006 petitur.
1154 921 1214 983 llic

149 1033 240 1113 enim,
267 1040 349 1098 teste
377 1033 620 1099 ltbetoricorum
645 1030 816 1113 prooemio,
852 1029 1056 1111 quodcunque
1093 1026 1156 1090 sibi
1194 1044 1214 1087 a

148 1140 339 1222 quotidianis
361 1139 619 1222 occupationibus
639 1143 672 1201 et
692 1137 832 1219 negotiis
859 1135 1074 1202 familiaribus
1101 1151 1212 1214 snper·

149 1253 237 1311 esset
256 1249 418 1329 temporis,
448 1246 658 1311 libentissime
685 1247 719 1309 in
745 1243 965 1326 philosophiae
993 1243 1109 1307 studiis
1137 1262 1212 1305 con-

81 1352 85 1357 ’
148 1355 299 1419 sumebat
345 1351 570 1434 Philosophiae
598 1359 703 1416 autern
730 1353 858 1418 Stoicae
880 1352 1002 1416 favisse
1025 1369 1104 1427 eum,
1125 1351 1210 1413 ratio

146 1463 219 1543 ipsa
239 1479 278 1524 ac
305 1460 448 1524 varietas
476 1462 691 1541 exemplorum
720 1460 868 1538 ostendit,
896 1460 1009 1541 quibus
1039 1463 1213 1540 praecepta

145 1563 309 1630 rhetorica
335 1564 503 1629 illustrare
540 1569 673 1628 conatur
697 1560 731 1644 ¹).
783 1565 902 1640 Quodsi
938 1562 1064 1646 Gnipho
1099 1562 1213 1627 borum

148 1669 390 1735 Rhetoricorum
411 1676 522 1734 auctor
543 1677 630 1735 esset
656 1668 830 1750 habendus,
857 1689 1050 1752 magnopere
1077 1670 1213 1733 mirare-

147 1797 226 1857 mur,
247 1777 432 1843 Suetonium
451 1777 674 1859 philosophiae
696 1779 842 1857 studium,
863 1779 945 1861 qnod
967 1779 1116 1860 opinione
1139 1796 1213 1841 aue·

147 1885 230 1948 toris
251 1886 467 1965 praevaleret,
487 1886 694 1968 negligenter
714 1887 863 1949 tacuisse.
906 1887 1015 1967 illoque
1037 1885 1213 1950 incredibi-

147 1992 211 2056 lius
239 1991 405 2056 videretnr
439 1992 609 2073 silentium,
645 1993 984 2070 animadvertentibus,
1021 1992 1093 2070 ista,
1130 2011 1213 2073 qnae

149 2098 372 2177 Grammaticis
401 2105 435 2162 et
463 2099 667 2178 Rhetoribus,
701 2107 832 2182 praeter
862 2099 944 2164 baec
977 2117 1109 2163 munera
1142 2117 1211 2178 sua,

147 2206 296 2285 {actitata
316 2211 487 2287 constaret,
508 2206 693 2271 Suetonium
713 2207 907 2269 nullomodo
923 2206 979 2268 vel
998 2206 1133 2268 latuisse
1155 2207 1223 2304 vel.

147 2314 280 2397 fugisse.
301 2315 352 2379 lta
371 2312 407 2376 in
428 2313 583 2394 Pompilio
604 2312 795 2391 Andronico,
815 2313 850 2376 in
870 2311 1003 2375 Aurelio
1032 2312 1147 2393 opilio,
1176 2313 1212 2376 iu

148 2419 248 2482 bucio
268 2416 426 2483 Crassitio
447 2417 584 2481 studium
604 2417 834 2501 philosophiae,
863 2420 898 2483 in
926 2420 1059 2485 Valerio
1089 2418 1212 2484 Catone

147 2543 280 2608 poeseos
300 2523 458 2605 professio
479 2524 638 2587 laudatur.

210 2630 362 2709 Tandem,
382 2635 418 2692 ut
445 2631 540 2694 linem
565 2630 618 2695 bis
646 2631 975 2697 animadversionibus
1003 2633 1209 2714 imponamus,

149 2737 300 2801 universe
322 2737 509 2801 monendum
530 2744 588 2819 est,
608 2741 764 2824 pleraque
784 2742 888 2804 omnia
908 2747 1104 2823 argunnenta,
1127 2758 1210 2822 qnae

148 2843 320 2911 Scbutzius
351 2845 494 2925 eontulit,
521 2847 658 2911 nonita
683 2849 878 2930 respondere
905 2848 956 2927 iis,
984 2866 1063 2928 quae
1092 2849 1131 2910 de
1162 2848 1213 2911 in·

148 2958 237 3017 certo
259 2958 389 3016 auctore
409 2952 451 3016 ad
471 2953 666 3017 Herennium
693 2955 822 3038 cognita
846 2953 1005 3032 babemus,
1036 2960 1072 3016 ut
1100 2955 1212 3016 nullus

145 3060 230 3125 alius
256 3066 388 3142 praeter
424 3057 622 3143 Gniphonem
651 3062 759 3126 eadem
804 3062 1085 3126 verisimilitudine
1128 3081 1212 3126 com-

146 3164 291 3228 mendari
311 3182 405 3246 posse
429 3162 577 3229 videatur
598 3163 636 3245 ²).
679 3166 885 3242 Quamobrem
912 3165 1059 3231 Schutzii
1086 3164 1212 3245 conjec-

147 3276 229 3350 tura,
250 3272 316 3333 suis
337 3271 463 3334 minime
494 3272 648 3335 destituta
675 3273 832 3352 laudibus,
853 3256 897 3336 ea'
913 3272 1153 3354 probabilitatis
1175 3275 1210 3338 ri

147 3381 246 3455 earet,
268 3395 349 3458 quae
371 3376 411 3438 ad
432 3375 525 3439 fidem
544 3377 722 3440 faciendam
736 3378 922 3441 necessaria
937 3383 995 3439 est
1016 3375 1092 3440 Alia
1108 3378 1211 3460 igitur

95 3532 97 3537 ,
146 3483 301 3571 tentanda
320 3483 406 3545 ratio
429 3481 487 3561 est',
508 3488 544 3544 ut
563 3481 637 3546 huie
660 3478 838 3563 quaestioni
864 3483 1010 3547 satisfiat
1052 3483 1134 3548 hlibi
1156 3505 1211 3548 ve-

145 3611 201 3656 rus
222 3591 419 3657 llerenuiani
445 3591 553 3672 operis
583 3595 694 3653 auctor
723 3609 794 3653 esse
823 3590 953 3654 videtur
983 3590 1095 3655 Aelius
1123 3592 1209 3657 Stilo

167 3831 195 3990 33
215 3828 384 3976 &turpant
402 3828 499 3974 ορὸι.
520 3828 540 3974 ιι.
560 3828 580 3892 ι.
601 3827 722 3979 moggo
742 3829 762 3894 1.
782 3831 801 3896 ι.
823 3851 852 3915 p.
876 3831 922 3896 ιι.

260 3933 293 3975 es
308 3933 427 3977 ermann
478 3932 507 3996 p.
539 3931 598 3994 .p.
681 3961 688 3976 .
