2692 4666
115 553 214 629 esset,
244 566 336 632 quum
364 547 526 616 Saliorum
552 552 695 614 earmina
721 551 913 628 Quintiliani
940 559 1081 636 tempore
1110 556 1177 620 suis

113 657 177 722 six
197 654 416 721 sacerdotibus
437 664 547 722 essent
567 665 645 724 uota
667 657 703 738 ¹).

178 763 310 829 Pariter
330 764 460 828 videtur
488 764 601 830 Aelius
627 767 662 830 in
690 765 910 847 insontibus,
937 787 955 831 e
986 768 1100 851 quibus
1124 766 1180 849 jms

116 889 283 936 sacrorum
302 874 472 953 petendum
495 879 575 952 erat
598 878 755 936 versatus.
798 874 918 937 Gravis
947 873 1000 937 bic
1027 876 1181 957 imprimis
1232 856 1268 931 ἵζ’(

117 979 321 1062 antiquitatis
343 981 502 1044 Romanae
530 982 619 1045 loeus
648 987 728 1060 erat,
757 999 847 1063 quem
874 983 1030 1045 Varronis
1065 983 1180 1048 deinde
1303 1036 1312 1065 2

118 1087 292 1170 diligentia
311 1093 498 1151 tantumnon
514 1088 644 1152 videtur
659 1087 854 1169 explevisse.
875 1089 980 1151 biulto
991 1090 1182 1172 fragmenta,

117 1195 338 1280 quseppassim
358 1195 574 1275 inveniuntur,
595 1215 649 1259 res
672 1209 782 1260 sacras
804 1202 956 1278 spectant,
986 1202 1020 1260 et
1039 1196 1126 1260 Aelii
1145 1198 1181 1263 in

116 1302 177 1367 boe
204 1320 326 1384 genem
353 1302 488 1366 studium
515 1308 683 1367 testantur.
726 1305 831 1366 Etiam
864 1302 975 1367 crossi
1007 1305 1111 1368 verba
1139 1302 1180 1368 lo

118 1406 235 1472 studiis
255 1407 400 1472 Aetionis
426 1408 488 1472 bue
516 1411 679 1493 pertinent
700 1407 742 1490 ²);
774 1430 813 1474 es
840 1411 924 1474 enim
950 1411 1180 1491 commendans,

115 1521 251 1601 praeter
271 1519 333 1579 ΧΗ
355 1518 491 1596 tubulas,
512 1512 711 1596 Pontificum
732 1515 839 1582 libros
858 1524 1020 1599 memorat,
1046 1518 1081 1582 iu
1111 1517 1179 1601 qui-

116 1623 177 1687 bus
198 1621 402 1704 antiquitatis
423 1622 549 1704 efligies
571 1623 705 1685 eluceat.
728 1623 833 1697 Quare
856 1623 1008 1702 arbitror,
1037 1642 1107 1686 eum
1125 1644 1182 1706 po·

117 1729 241 1793 tulisti
263 1747 359 1811 opere
380 1729 416 1793 in
436 1730 528 1794 illum
555 1730 658 1792 loermr
684 1734 923 1793 commentatum
952 1748 1025 1793 esse
1052 1736 1086 1792 et
1113 1732 1184 1795 obs-

121 1837 255 1901 curiora
281 1836 453 1899 illustrare
482 1835 649 1899 studuisse.
693 1835 866 1900 Confirmat
894 1834 977 1900 buno
1004 1837 1186 1919 opinionem

122 1943 242 2008 Festus
270 1962 302 2006 v.
326 1941 525 2018 motomm3
552 1943 622 2006 ubi:
650 1940 814 2022 „cloatius
835 1942 931 2005 etiarn
960 1943 995 2006 iu
1013 1944 1109 2006 libris
1131 1964 1182 2009 sa-

123 2068 252 2116 crorum
270 2053 444 2114 molucrum
464 2070 536 2114 esse
558 2049 649 2130 ajunt
668 2050 791 2132 lignum
813 2049 965 2132 quoddam
988 2050 1183 2134 quadrat-run,

119 2158 175 2223 nbi
200 2158 392 2222 inmolatur.
433 2159 519 2221 lolem
547 2157 658 2220 Aelius
685 2157 719 2220 in
747 2157 975 2238 explanatione
1004 2157 1184 2222 carminum

119 2265 295 2334 Saliarium
325 2264 434 2329 eodem
459 2266 585 2329 nomine
616 2265 774 2348 appellari
802 2266 856 2345 ait,
892 2263 975 2348 quod
1005 2265 1062 2330 sub
1098 2266 1184 2331 mola
1279 2340 1284 2349 .

120 2369 345 2454 supponatru.“
371 2368 556 2451 Lagentium
576 2369 622 2432 ibi
643 2370 772 2433 ridetur
795 2367 837 2450 3);
860 2366 1015 2434 Cloatius
1035 2373 1133 2436 etiam
1154 2377 1187 2437 et

121 2473 245 2546 Aelius
263 2480 299 2542 iu
320 2473 419 2541 libris
438 2492 615 2541 sacrorum
635 2510 692 2539 -.
733 2475 790 2541 sio
811 2476 932 2540 demum
954 2479 1057 2543 verba
1076 2479 1186 2544 Pauli:

119 2581 212 2652 laen
232 2582 353 2650 Aelius
365 2584 534 2667 -optime
556 2584 750 2647 conveniunt
771 2584 1001 2667 superioribus.
1022 2585 1188 2668 Duplicem

120 2692 224 2776 igitur
243 2691 354 2754 Aelius
381 2690 540 2753 vocabulo
566 2686 748 2753 molucrmu
774 2689 1039 2772 significationem
1065 2692 1186 2756 tribue·

121 2799 188 2878 bat,
209 2797 257 2861 ita
276 2803 313 2859 ut
332 2795 367 2858 in
387 2793 548 2859 Saliorum
570 2794 761 2857 carminibus
778 2800 811 2857 et
831 2795 865 2858 iu
885 2814 922 2858 ro
945 2815 1040 2860 sacra
1053 2797 1185 2860 diversa

121 2908 261 2970 notaret
282 2903 383 2977 Quum
404 2918 483 2964 vero
505 2897 539 2962 bi
559 2897 687 2962 Aeliani
708 2899 748 2962 le
771 2901 879 2990 sacris·
894 2902 972 2966 libri
999 2901 1183 2980 conjectura

129 3048 352 3070 ffl-

160 3149 185 3228 ¹)
206 3145 280 3209 lust.
302 3143 358 3206 Or.
381 3147 405 3208 1.
428 3140 457 3205 6.
479 3145 511 3202 et
533 3138 582 3204 10.
603 3139 747 3201 Horatius
769 3139 867 3223 Epist
888 3146 928 3210 11.
951 3142 978 3206 1.
996 3161 1027 3206 v.
1049 3142 1099 3209 86.

292 3228 365 3290 Jam
385 3223 507 3288 Saliare
527 3223 647 3284 Numae
668 3243 790 3283 carmem
811 3227 864 3305 qui
884 3222 993 3287 laudnt
1012 3233 1043 3286 et
1062 3225 1149 3297 illud,

296 3309 389 3379 Quod
407 3327 521 3368 romaum
542 3308 671 3386 iquorot,
693 3304 775 3368 solus
796 3306 860 3368 vult
879 3311 960 3370 seira
979 3310 1086 3372 videri.

211 3392 268 3456 cil
289 3412 366 3474 quae
387 3390 425 3451 de
446 3389 535 3451 Aelio
556 3390 720 3459 carminum
736 3388 898 3451 Saliarium
917 3393 1079 3473 interprete
1098 3390 1193 3453 babet

212 3477 365 3556 Suringar.
386 3472 446 3554 Op.
467 3471 486 3534 b
508 3491 537 3552 p.
559 3471 608 3535 28.
630 3470 679 3533 29.
701 3469 772 3533 Vid.
794 3470 868 3536 Tob.
889 3471 1124 3535 Gutbberletbus
1152 3472 1192 3534 do

210 3557 307 3621 Satin
327 3555 454 3635 Franoq.
479 3551 568 3624 1706,
599 3555 648 3634 qui
675 3555 836 3614 carminum
864 3553 1023 3616 Saliarium
1049 3553 1191 3632 reliquias

211 3641 349 3720 collegit3
367 3637 477 3699 Christ.
497 3634 574 3699 Lud.
596 3635 734 3705 Cronius,
755 3637 794 3698 de
814 3636 984 3698 Saliaribus
1000 3633 1189 3700 Carminibus

210 3721 339 3784 Witteb.
362 3719 457 3793 17323
477 3717 545 3782 Nic.
566 3715 665 3780 Reich
685 3718 736 3780 De
756 3717 859 3790 sabb,
879 3718 1008 3781 Hasniue
1034 3717 1121 3784 1737.

160 3801 488 3970 ggbgrbbetliorffm
509 3886 630 3947 exstare
649 3883 738 3946 video
760 3885 790 3945 iu
811 3889 912 3948 annot.
933 3900 1024 3962 marg.
1045 3881 1083 3944 ad
1104 3880 1189 3945 Festi

211 3967 350 4033 Sebedas
370 3987 401 4050 p.
422 3966 471 4032 80.
