<?xml version="1.0" encoding="UTF-8"?>
<!DOCTYPE html PUBLIC "-//W3C//DTD XHTML 1.0 Transitional//EN"
    "http://www.w3.org/TR/xhtml1/DTD/xhtml1-transitional.dtd">
<html xmlns="http://www.w3.org/1999/xhtml" xml:lang="en" lang="en">
 <head>
  <title>
</title>
<meta http-equiv="Content-Type" content="text/html;charset=utf-8" />
  <meta name='ocr-system' content='tesseract 3.04.00' />
  <meta name='ocr-capabilities' content='ocr_page ocr_carea ocr_par ocr_line ocrx_word'/>
</head>
<body>
  <div class='ocr_page' id='page_1' title='image "./disquisitiodela00claugoog_0014.png"; bbox 0 0 2692 4666; ppageno 0'>
   <div class='ocr_carea' id='block_1_1' title="bbox 59 299 1214 677">
    <p class='ocr_par' dir='ltr' id='par_1_1' title="bbox 59 299 1214 677">
     <span class='ocr_line' id='line_1_1' title="bbox 1140 299 1214 368; baseline 0.027 -2"><span class='ocrx_word' id='word_1_1' title='bbox 1140 299 1214 368; x_wconf 81' lang='lat' dir='ltr'><strong>vll</strong></span> 
     </span>
     <span class='ocr_line' id='line_1_2' title="bbox 148 448 1212 533; baseline 0.002 -20"><span class='ocrx_word' id='word_1_2' title='bbox 148 468 250 533; x_wconf 74' lang='lat' dir='ltr'><strong>quani,</strong></span> <span class='ocrx_word' id='word_1_3' title='bbox 271 466 350 513; x_wconf 81' lang='lat' dir='ltr'><strong>vere</strong></span> <span class='ocrx_word' id='word_1_4' title='bbox 372 455 408 516; x_wconf 85' lang='lat' dir='ltr'><strong>ut</strong></span> <span class='ocrx_word' id='word_1_5' title='bbox 427 448 539 528; x_wconf 79' lang='lat' dir='ltr'><strong>iicon,</strong></span> <span class='ocrx_word' id='word_1_6' title='bbox 567 467 632 513; x_wconf 84' lang='lat' dir='ltr'><strong>aon</strong></span> <span class='ocrx_word' id='word_1_7' title='bbox 660 453 726 513; x_wconf 82' lang='lat' dir='ltr'><strong>tam</strong></span> <span class='ocrx_word' id='word_1_8' title='bbox 745 449 895 533; x_wconf 81' lang='lat' dir='ltr'><strong>propriae</strong></span> <span class='ocrx_word' id='word_1_9' title='bbox 916 466 1008 532; x_wconf 79' lang='lat' dir='ltr'><strong>quam</strong></span> <span class='ocrx_word' id='word_1_10' title='bbox 1035 459 1212 515; x_wconf 76' lang='lat' dir='ltr'><strong>commeo</strong></span> 
     </span>
     <span class='ocr_line' id='line_1_3' title="bbox 59 579 1206 677; baseline 0.001 -33"><span class='ocrx_word' id='word_1_11' title='bbox 59 663 64 677; x_wconf 40' lang='grc' dir='ltr'><em>Ι</em></span> <span class='ocrx_word' id='word_1_12' title='bbox 148 580 355 658; x_wconf 82' lang='lat' dir='ltr'><strong>videbantur,</strong></span> <span class='ocrx_word' id='word_1_13' title='bbox 376 579 416 643; x_wconf 87' lang='lat' dir='ltr'><strong>ad</strong></span> <span class='ocrx_word' id='word_1_14' title='bbox 436 579 603 643; x_wconf 80' lang='lat' dir='ltr'><strong>literarum</strong></span> <span class='ocrx_word' id='word_1_15' title='bbox 623 579 777 642; x_wconf 81' lang='lat' dir='ltr'><strong>videlieet</strong></span> <span class='ocrx_word' id='word_1_16' title='bbox 797 585 831 642; x_wconf 91' lang='lat' dir='ltr'><strong>et</strong></span> <span class='ocrx_word' id='word_1_17' title='bbox 851 581 892 643; x_wconf 83' lang='lat' dir='ltr'><strong>ad</strong></span> <span class='ocrx_word' id='word_1_18' title='bbox 912 579 1118 644; x_wconf 79' lang='lat' dir='ltr'><strong>humanitatis</strong></span> <span class='ocrx_word' id='word_1_19' title='bbox 1139 585 1206 645; x_wconf 72' lang='lat' dir='ltr'><strong>etu-</strong></span> 
     </span>
    </p>
   </div>
   <div class='ocr_carea' id='block_1_2' title="bbox 149 711 1318 794">
    <p class='ocr_par' dir='ltr' id='par_1_2' title="bbox 149 711 1318 794">
     <span class='ocr_line' id='line_1_4' title="bbox 149 711 1318 794; baseline 0.003 -20"><span class='ocrx_word' id='word_1_20' title='bbox 149 712 213 791; x_wconf 68' lang='lat' dir='ltr'><strong>ilio7</strong></span> <span class='ocrx_word' id='word_1_21' title='bbox 227 720 307 794; x_wconf 86' lang='lat' dir='ltr'><strong>quae</strong></span> <span class='ocrx_word' id='word_1_22' title='bbox 328 716 363 773; x_wconf 81' lang='lat' dir='ltr'><strong>tu</strong></span> <span class='ocrx_word' id='word_1_23' title='bbox 385 711 539 775; x_wconf 76' lang='lat' dir='ltr'><strong>alacriter</strong></span> <span class='ocrx_word' id='word_1_24' title='bbox 558 712 729 793; x_wconf 85' lang='lat' dir='ltr'><strong>profiteris,</strong></span> <span class='ocrx_word' id='word_1_25' title='bbox 751 731 812 792; x_wconf 81' lang='lat' dir='ltr'><strong>ego</strong></span> <span class='ocrx_word' id='word_1_26' title='bbox 834 731 913 775; x_wconf 87' lang='lat' dir='ltr'><strong>vero</strong></span> <span class='ocrx_word' id='word_1_27' title='bbox 935 713 1062 776; x_wconf 81' lang='lat' dir='ltr'><strong>assidue</strong></span> <span class='ocrx_word' id='word_1_28' title='bbox 1084 718 1118 776; x_wconf 89' lang='lat' dir='ltr'><strong>et</strong></span> <span class='ocrx_word' id='word_1_29' title='bbox 1138 730 1209 779; x_wconf 74' lang='lat' dir='ltr'><strong>eun</strong></span> <span class='ocrx_word' id='word_1_30' title='bbox 1313 766 1318 777; x_wconf 91' lang='lat'>.</span> 
     </span>
    </p>
   </div>
   <div class='ocr_carea' id='block_1_3' title="bbox 144 843 1273 1585">
    <p class='ocr_par' dir='ltr' id='par_1_3' title="bbox 144 843 1273 1585">
     <span class='ocr_line' id='line_1_5' title="bbox 146 843 1209 928; baseline 0.002 -21"><span class='ocrx_word' id='word_1_31' title='bbox 146 846 313 925; x_wconf 84' lang='lat' dir='ltr'><strong>voluptate</strong></span> <span class='ocrx_word' id='word_1_32' title='bbox 335 845 415 922; x_wconf 87' lang='lat' dir='ltr'><strong>eolo,</strong></span> <span class='ocrx_word' id='word_1_33' title='bbox 435 845 644 925; x_wconf 79' lang='lat' dir='ltr'><strong>pertinentes.</strong></span> <span class='ocrx_word' id='word_1_34' title='bbox 664 843 828 926; x_wconf 80' lang='lat' dir='ltr'><strong>Agebatur</strong></span> <span class='ocrx_word' id='word_1_35' title='bbox 849 844 887 907; x_wconf 88' lang='lat' dir='ltr'><strong>de</strong></span> <span class='ocrx_word' id='word_1_36' title='bbox 909 862 955 924; x_wconf 88' lang='lat' dir='ltr'><strong>re,</strong></span> <span class='ocrx_word' id='word_1_37' title='bbox 971 863 1051 928; x_wconf 86' lang='lat' dir='ltr'><strong>quae</strong></span> <span class='ocrx_word' id='word_1_38' title='bbox 1074 845 1209 909; x_wconf 79' lang='lat' dir='ltr'><strong>omniun</strong></span> 
     </span>
     <span class='ocr_line' id='line_1_6' title="bbox 147 974 1273 1058; baseline 0.002 -21"><span class='ocrx_word' id='word_1_39' title='bbox 147 974 281 1058; x_wconf 81' lang='lat' dir='ltr'><strong>quidem,</strong></span> <span class='ocrx_word' id='word_1_40' title='bbox 304 975 416 1057; x_wconf 81' lang='lat' dir='ltr'><strong>quibus</strong></span> <span class='ocrx_word' id='word_1_41' title='bbox 437 975 610 1057; x_wconf 79' lang='lat' dir='ltr'><strong>antiquitas</strong></span> <span class='ocrx_word' id='word_1_42' title='bbox 632 995 709 1040; x_wconf 87' lang='lat' dir='ltr'><strong>cara</strong></span> <span class='ocrx_word' id='word_1_43' title='bbox 730 981 787 1055; x_wconf 73' lang='lat' dir='ltr'><strong>est</strong></span> <span class='ocrx_word' id='word_1_44' title='bbox 807 976 953 1054; x_wconf 81' lang='lat' dir='ltr'><strong>interest,</strong></span> <span class='ocrx_word' id='word_1_45' title='bbox 969 982 1083 1038; x_wconf 89' lang='lat' dir='ltr'><strong>nostra</strong></span> <span class='ocrx_word' id='word_1_46' title='bbox 1102 982 1208 1040; x_wconf 82' lang='lat' dir='ltr'><strong>tanen</strong></span> <span class='ocrx_word' id='word_1_47' title='bbox 1272 1035 1273 1039; x_wconf 75' lang='grc'><strong><em>,</em></strong></span> 
     </span>
     <span class='ocr_line' id='line_1_7' title="bbox 144 1106 1207 1190; baseline 0.003 -20"><span class='ocrx_word' id='word_1_48' title='bbox 144 1115 317 1190; x_wconf 89' lang='lat' dir='ltr'><strong>propterea</strong></span> <span class='ocrx_word' id='word_1_49' title='bbox 329 1107 440 1187; x_wconf 84' lang='lat' dir='ltr'><strong>magis,</strong></span> <span class='ocrx_word' id='word_1_50' title='bbox 456 1125 516 1188; x_wconf 86' lang='lat' dir='ltr'><strong>qno</strong></span> <span class='ocrx_word' id='word_1_51' title='bbox 535 1106 731 1187; x_wconf 83' lang='lat' dir='ltr'><strong>conjunctior</strong></span> <span class='ocrx_word' id='word_1_52' title='bbox 745 1128 813 1171; x_wconf 87' lang='lat' dir='ltr'><strong>curn</strong></span> <span class='ocrx_word' id='word_1_53' title='bbox 821 1107 985 1172; x_wconf 80' lang='lat' dir='ltr'><strong>Ciceronis</strong></span> <span class='ocrx_word' id='word_1_54' title='bbox 998 1108 1127 1189; x_wconf 83' lang='lat' dir='ltr'><strong>seriptis</strong></span> <span class='ocrx_word' id='word_1_55' title='bbox 1142 1108 1207 1173; x_wconf 81' lang='lat' dir='ltr'><strong>‹lia-</strong></span> 
     </span>
     <span class='ocr_line' id='line_1_8' title="bbox 146 1238 1207 1322; baseline -0.001 -20"><span class='ocrx_word' id='word_1_56' title='bbox 146 1239 285 1321; x_wconf 76' lang='lat' dir='ltr'><strong>ceptatio</strong></span> <span class='ocrx_word' id='word_1_57' title='bbox 296 1238 475 1301; x_wconf 85' lang='lat' dir='ltr'><strong>videbatur.</strong></span> <span class='ocrx_word' id='word_1_58' title='bbox 487 1239 622 1318; x_wconf 75' lang='lat' dir='ltr'><strong>Etenim,</strong></span> <span class='ocrx_word' id='word_1_59' title='bbox 631 1242 890 1322; x_wconf 85' lang='lat' dir='ltr'><strong>quocunqueloeo</strong></span> <span class='ocrx_word' id='word_1_60' title='bbox 901 1240 1038 1304; x_wconf 89' lang='lat' dir='ltr'><strong>libriilli</strong></span> <span class='ocrx_word' id='word_1_61' title='bbox 1045 1240 1207 1303; x_wconf 84' lang='lat' dir='ltr'><strong>Herennio</strong></span> 
     </span>
     <span class='ocr_line' id='line_1_9' title="bbox 146 1343 1208 1453; baseline -0.001 -17"><span class='ocrx_word' id='word_1_62' title='bbox 146 1371 298 1453; x_wconf 82' lang='lat' dir='ltr'><strong>inscripti</strong></span> <span class='ocrx_word' id='word_1_63' title='bbox 313 1371 447 1433; x_wconf 85' lang='lat' dir='ltr'><strong>eruditis</strong></span> <span class='ocrx_word' id='word_1_64' title='bbox 463 1376 496 1433; x_wconf 90' lang='lat' dir='ltr'><strong>et</strong></span> <span class='ocrx_word' id='word_1_65' title='bbox 517 1369 621 1435; x_wconf 89' lang='lat' dir='ltr'><strong>habiti</strong></span> <span class='ocrx_word' id='word_1_66' title='bbox 641 1377 715 1435; x_wconf 87' lang='lat' dir='ltr'><strong>suut</strong></span> <span class='ocrx_word' id='word_1_67' title='bbox 736 1377 769 1434; x_wconf 93' lang='lat' dir='ltr'><strong>et</strong></span> <span class='ocrx_word' id='word_1_68' title='bbox 789 1370 936 1451; x_wconf 83' lang='lat' dir='ltr'><strong>habendi,</strong></span> <span class='ocrx_word' id='word_1_69' title='bbox 952 1343 1017 1452; x_wconf 68' lang='lat' dir='ltr'><strong>no&#39;u</strong></span> <span class='ocrx_word' id='word_1_70' title='bbox 1036 1371 1208 1452; x_wconf 78' lang='lat' dir='ltr'><strong>negabitur</strong></span> 
     </span>
     <span class='ocr_line' id='line_1_10' title="bbox 148 1500 1207 1585; baseline -0.001 -18"><span class='ocrx_word' id='word_1_71' title='bbox 148 1508 249 1582; x_wconf 82' lang='lat' dir='ltr'><strong>certe,</strong></span> <span class='ocrx_word' id='word_1_72' title='bbox 270 1504 342 1585; x_wconf 91' lang='lat' dir='ltr'><strong>plus</strong></span> <span class='ocrx_word' id='word_1_73' title='bbox 363 1500 530 1565; x_wconf 88' lang='lat' dir='ltr'><strong>habituros</strong></span> <span class='ocrx_word' id='word_1_74' title='bbox 550 1503 709 1581; x_wconf 87' lang='lat' dir='ltr'><strong>momenti,</strong></span> <span class='ocrx_word' id='word_1_75' title='bbox 735 1503 764 1565; x_wconf 83' lang='lat' dir='ltr'><strong>si</strong></span> <span class='ocrx_word' id='word_1_76' title='bbox 786 1508 911 1566; x_wconf 90' lang='lat' dir='ltr'><strong>constet</strong></span> <span class='ocrx_word' id='word_1_77' title='bbox 931 1503 970 1566; x_wconf 88' lang='lat' dir='ltr'><strong>ab</strong></span> <span class='ocrx_word' id='word_1_78' title='bbox 994 1521 1032 1564; x_wconf 92' lang='lat' dir='ltr'><strong>eo</strong></span> <span class='ocrx_word' id='word_1_79' title='bbox 1054 1502 1207 1584; x_wconf 75' lang='lat' dir='ltr'><strong>conditos,</strong></span> 
     </span>
    </p>
   </div>
   <div class='ocr_carea' id='block_1_4' title="bbox 149 1607 1214 1733">
    <p class='ocr_par' dir='ltr' id='par_1_4' title="bbox 149 1607 1214 1733">
     <span class='ocr_line' id='line_1_11' title="bbox 149 1607 1214 1733; baseline 0.002 -38"><span class='ocrx_word' id='word_1_80' title='bbox 149 1651 242 1715; x_wconf 86' lang='lat' dir='ltr'><strong>quem</strong></span> <span class='ocrx_word' id='word_1_81' title='bbox 256 1620 444 1695; x_wconf 85' lang='lat' dir='ltr'><strong>rhetoricae</strong></span> <span class='ocrx_word' id='word_1_82' title='bbox 461 1633 541 1695; x_wconf 85' lang='lat' dir='ltr'><strong>artis</strong></span> <span class='ocrx_word' id='word_1_83' title='bbox 561 1633 746 1714; x_wconf 73' lang='lat' dir='ltr'><strong>magistrun</strong></span> <span class='ocrx_word' id='word_1_84' title='bbox 768 1632 887 1733; x_wconf 82' lang='lat' dir='ltr'><strong>Cicero</strong></span> <span class='ocrx_word' id='word_1_85' title='bbox 901 1632 1021 1697; x_wconf 82' lang='lat' dir='ltr'><strong>habuit</strong></span> <span class='ocrx_word' id='word_1_86' title='bbox 1042 1636 1153 1716; x_wconf 78' lang='lat' dir='ltr'><strong>ltaque</strong></span> <span class='ocrx_word' id='word_1_87' title='bbox 1175 1607 1214 1720; x_wconf 31' lang='lat' dir='ltr'><strong>et,</strong></span> 
     </span>
    </p>
   </div>
   <div class='ocr_carea' id='block_1_5' title="bbox 56 1763 1212 3419">
    <p class='ocr_par' dir='ltr' id='par_1_5' title="bbox 56 1763 1212 3419">
     <span class='ocr_line' id='line_1_12' title="bbox 150 1763 1208 1847; baseline 0.003 -21"><span class='ocrx_word' id='word_1_88' title='bbox 150 1764 247 1844; x_wconf 87' lang='lat' dir='ltr'><strong>eulpa</strong></span> <span class='ocrx_word' id='word_1_89' title='bbox 265 1763 348 1845; x_wconf 81' lang='lat' dir='ltr'><strong>apud</strong></span> <span class='ocrx_word' id='word_1_90' title='bbox 369 1770 400 1825; x_wconf 93' lang='lat' dir='ltr'><strong>te</strong></span> <span class='ocrx_word' id='word_1_91' title='bbox 422 1782 542 1827; x_wconf 84' lang='lat' dir='ltr'><strong>vacare</strong></span> <span class='ocrx_word' id='word_1_92' title='bbox 562 1782 611 1827; x_wconf 90' lang='lat' dir='ltr'><strong>me</strong></span> <span class='ocrx_word' id='word_1_93' title='bbox 634 1764 784 1845; x_wconf 82' lang='lat' dir='ltr'><strong>intelligo</strong></span> <span class='ocrx_word' id='word_1_94' title='bbox 806 1770 839 1827; x_wconf 91' lang='lat' dir='ltr'><strong>et</strong></span> <span class='ocrx_word' id='word_1_95' title='bbox 859 1783 939 1827; x_wconf 85' lang='lat' dir='ltr'><strong>vero</strong></span> <span class='ocrx_word' id='word_1_96' title='bbox 961 1765 1111 1828; x_wconf 81' lang='lat' dir='ltr'><strong>lubenter</strong></span> <span class='ocrx_word' id='word_1_97' title='bbox 1137 1764 1208 1847; x_wconf 74' lang='lat' dir='ltr'><strong>ipae</strong></span> 
     </span>
     <span class='ocr_line' id='line_1_13' title="bbox 143 1870 1211 1978; baseline -0.002 -18"><span class='ocrx_word' id='word_1_98' title='bbox 143 1896 280 1978; x_wconf 87' lang='lat' dir='ltr'><strong>impensi</strong></span> <span class='ocrx_word' id='word_1_99' title='bbox 309 1895 432 1959; x_wconf 85' lang='lat' dir='ltr'><strong>laboris</strong></span> <span class='ocrx_word' id='word_1_100' title='bbox 460 1870 673 1974; x_wconf 41' lang='lat' dir='ltr'><strong>reminiscorp</strong></span> <span class='ocrx_word' id='word_1_101' title='bbox 688 1896 834 1977; x_wconf 85' lang='lat' dir='ltr'><strong>quoniam</strong></span> <span class='ocrx_word' id='word_1_102' title='bbox 854 1897 1015 1960; x_wconf 83' lang='lat' dir='ltr'><strong>invitabat</strong></span> <span class='ocrx_word' id='word_1_103' title='bbox 1035 1897 1138 1960; x_wconf 82' lang='lat' dir='ltr'><strong>denuo</strong></span> <span class='ocrx_word' id='word_1_104' title='bbox 1168 1897 1211 1965; x_wconf 73' lang='lat' dir='ltr'><strong>acl</strong></span> 
     </span>
     <span class='ocr_line' id='line_1_14' title="bbox 143 2024 1208 2106; baseline 0 -17"><span class='ocrx_word' id='word_1_105' title='bbox 143 2026 315 2106; x_wconf 81' lang='lat' dir='ltr'><strong>legendum</strong></span> <span class='ocrx_word' id='word_1_106' title='bbox 338 2024 532 2089; x_wconf 78' lang='lat' dir='ltr'><strong>Ciceronenn</strong></span> <span class='ocrx_word' id='word_1_107' title='bbox 574 2026 664 2087; x_wconf 90' lang='lat' dir='ltr'><strong>llunc</strong></span> <span class='ocrx_word' id='word_1_108' title='bbox 686 2031 790 2088; x_wconf 87' lang='lat' dir='ltr'><strong>antem</strong></span> <span class='ocrx_word' id='word_1_109' title='bbox 810 2025 845 2087; x_wconf 89' lang='lat' dir='ltr'><strong>in</strong></span> <span class='ocrx_word' id='word_1_110' title='bbox 865 2025 938 2087; x_wconf 89' lang='lat' dir='ltr'><strong>sinu</strong></span> <span class='ocrx_word' id='word_1_111' title='bbox 964 2026 1071 2103; x_wconf 85' lang='lat' dir='ltr'><strong>foveo,</strong></span> <span class='ocrx_word' id='word_1_112' title='bbox 1091 2027 1127 2089; x_wconf 89' lang='lat' dir='ltr'><strong>iu</strong></span> <span class='ocrx_word' id='word_1_113' title='bbox 1145 2025 1208 2089; x_wconf 83' lang='lat' dir='ltr'><strong>hoa</strong></span> 
     </span>
     <span class='ocr_line' id='line_1_15' title="bbox 143 2151 1208 2236; baseline -0.001 -18"><span class='ocrx_word' id='word_1_114' title='bbox 143 2154 303 2218; x_wconf 83' lang='lat' dir='ltr'><strong>assiduum</strong></span> <span class='ocrx_word' id='word_1_115' title='bbox 325 2172 374 2216; x_wconf 87' lang='lat' dir='ltr'><strong>me</strong></span> <span class='ocrx_word' id='word_1_116' title='bbox 397 2173 467 2217; x_wconf 89' lang='lat' dir='ltr'><strong>esse</strong></span> <span class='ocrx_word' id='word_1_117' title='bbox 489 2153 590 2233; x_wconf 82' lang='lat' dir='ltr'><strong>cupio,</strong></span> <span class='ocrx_word' id='word_1_118' title='bbox 609 2151 694 2217; x_wconf 80' lang='lat' dir='ltr'><strong>huno</strong></span> <span class='ocrx_word' id='word_1_119' title='bbox 714 2154 995 2236; x_wconf 81' lang='lat' dir='ltr'><strong>peregrinationis,</strong></span> <span class='ocrx_word' id='word_1_120' title='bbox 1023 2154 1208 2219; x_wconf 84' lang='lat' dir='ltr'><strong>rusticatio-</strong></span> 
     </span>
     <span class='ocr_line' id='line_1_16' title="bbox 142 2285 1207 2368; baseline 0 -19"><span class='ocrx_word' id='word_1_121' title='bbox 142 2288 205 2367; x_wconf 88' lang='lat' dir='ltr'><strong>nis,</strong></span> <span class='ocrx_word' id='word_1_122' title='bbox 226 2287 313 2350; x_wconf 85' lang='lat' dir='ltr'><strong>vitae</strong></span> <span class='ocrx_word' id='word_1_123' title='bbox 335 2286 472 2368; x_wconf 82' lang='lat' dir='ltr'><strong>denique</strong></span> <span class='ocrx_word' id='word_1_124' title='bbox 495 2285 613 2348; x_wconf 83' lang='lat' dir='ltr'><strong>socium</strong></span> <span class='ocrx_word' id='word_1_125' title='bbox 634 2291 760 2367; x_wconf 83' lang='lat' dir='ltr'><strong>expeto.</strong></span> <span class='ocrx_word' id='word_1_126' title='bbox 803 2287 953 2368; x_wconf 77' lang='lat' dir='ltr'><strong>Quodque</strong></span> <span class='ocrx_word' id='word_1_127' title='bbox 982 2287 1118 2368; x_wconf 82' lang='lat' dir='ltr'><strong>singulis</strong></span> <span class='ocrx_word' id='word_1_128' title='bbox 1140 2286 1207 2349; x_wconf 88' lang='lat' dir='ltr'><strong>sin-</strong></span> 
     </span>
     <span class='ocr_line' id='line_1_17' title="bbox 142 2380 1207 2502; baseline 0.003 -22"><span class='ocrx_word' id='word_1_129' title='bbox 142 2419 252 2502; x_wconf 79' lang='lat' dir='ltr'><strong>gulari</strong></span> <span class='ocrx_word' id='word_1_130' title='bbox 287 2424 320 2481; x_wconf 90' lang='lat' dir='ltr'><strong>et</strong></span> <span class='ocrx_word' id='word_1_131' title='bbox 354 2380 519 2500; x_wconf 66' lang='lat' dir='ltr'><strong>cujusque</strong></span> <span class='ocrx_word' id='word_1_132' title='bbox 538 2424 673 2482; x_wconf 86' lang='lat' dir='ltr'><strong>naturae</strong></span> <span class='ocrx_word' id='word_1_133' title='bbox 707 2424 921 2482; x_wconf 81' lang='lat' dir='ltr'><strong>consentaneo</strong></span> <span class='ocrx_word' id='word_1_134' title='bbox 955 2418 1046 2481; x_wconf 84' lang='lat' dir='ltr'><strong>modo</strong></span> <span class='ocrx_word' id='word_1_135' title='bbox 1081 2418 1207 2484; x_wconf 85' lang='lat' dir='ltr'><strong>Seneca</strong></span> 
     </span>
     <span class='ocr_line' id='line_1_18' title="bbox 142 2544 1206 2632; baseline 0.001 -19"><span class='ocrx_word' id='word_1_136' title='bbox 142 2548 254 2628; x_wconf 80' lang='lat' dir='ltr'><strong>suasit,</strong></span> <span class='ocrx_word' id='word_1_137' title='bbox 274 2548 309 2611; x_wconf 82' lang='lat' dir='ltr'><strong>id</strong></span> <span class='ocrx_word' id='word_1_138' title='bbox 328 2547 405 2610; x_wconf 88' lang='lat' dir='ltr'><strong>mihi</strong></span> <span class='ocrx_word' id='word_1_139' title='bbox 427 2548 465 2611; x_wconf 82' lang='lat' dir='ltr'><strong>de</strong></span> <span class='ocrx_word' id='word_1_140' title='bbox 488 2547 642 2612; x_wconf 80' lang='lat' dir='ltr'><strong>Cicerone</strong></span> <span class='ocrx_word' id='word_1_141' title='bbox 664 2549 796 2612; x_wconf 88' lang='lat' dir='ltr'><strong>valebit.</strong></span> <span class='ocrx_word' id='word_1_142' title='bbox 839 2544 962 2625; x_wconf 73' lang='lat' dir='ltr'><strong>Uentis,</strong></span> <span class='ocrx_word' id='word_1_143' title='bbox 984 2548 1039 2628; x_wconf 74' lang='lat' dir='ltr'><strong>ait</strong></span> <span class='ocrx_word' id='word_1_144' title='bbox 1061 2551 1206 2632; x_wconf 71' lang='lat' dir='ltr'><strong>inperiis</strong></span> 
     </span>
     <span class='ocr_line' id='line_1_19' title="bbox 56 2675 1205 2768; baseline 0 -26"><span class='ocrx_word' id='word_1_145' title='bbox 56 2762 59 2768; x_wconf 24' lang='grc' dir='ltr'>Ι</span> <span class='ocrx_word' id='word_1_146' title='bbox 142 2679 312 2742; x_wconf 64' lang='lat' dir='ltr'><strong>inmorari</strong></span> <span class='ocrx_word' id='word_1_147' title='bbox 334 2682 367 2740; x_wconf 84' lang='lat' dir='ltr'><strong>et</strong></span> <span class='ocrx_word' id='word_1_148' title='bbox 386 2679 544 2740; x_wconf 74' lang='lat' dir='ltr'><strong>innutriri</strong></span> <span class='ocrx_word' id='word_1_149' title='bbox 566 2682 707 2758; x_wconf 83' lang='lat' dir='ltr'><strong>oportet,</strong></span> <span class='ocrx_word' id='word_1_150' title='bbox 727 2680 759 2740; x_wconf 74' lang='lat' dir='ltr'><strong>ei</strong></span> <span class='ocrx_word' id='word_1_151' title='bbox 788 2675 873 2741; x_wconf 81' lang='lat' dir='ltr'><strong>veiis</strong></span> <span class='ocrx_word' id='word_1_152' title='bbox 905 2675 1032 2760; x_wconf 77' lang='lat' dir='ltr'><strong>aliquid</strong></span> <span class='ocrx_word' id='word_1_153' title='bbox 1059 2676 1205 2755; x_wconf 68' lang='lat' dir='ltr'><strong>tanim,</strong></span> 
     </span>
     <span class='ocr_line' id='line_1_20' title="bbox 142 2803 1208 2895; baseline 0 -23"><span class='ocrx_word' id='word_1_154' title='bbox 142 2807 230 2895; x_wconf 77' lang='lat' dir='ltr'><strong>quod</strong></span> <span class='ocrx_word' id='word_1_155' title='bbox 247 2812 284 2873; x_wconf 86' lang='lat' dir='ltr'><strong>in</strong></span> <span class='ocrx_word' id='word_1_156' title='bbox 305 2810 414 2871; x_wconf 77' lang='lat' dir='ltr'><strong>anieno</strong></span> <span class='ocrx_word' id='word_1_157' title='bbox 434 2803 577 2887; x_wconf 76' lang='lat' dir='ltr'><strong>fideliter</strong></span> <span class='ocrx_word' id='word_1_158' title='bbox 596 2807 719 2872; x_wconf 80' lang='lat' dir='ltr'><strong>sedeat.</strong></span> <span class='ocrx_word' id='word_1_159' title='bbox 742 2805 918 2890; x_wconf 76' lang='lat' dir='ltr'><strong>Nusquam</strong></span> <span class='ocrx_word' id='word_1_160' title='bbox 937 2816 989 2873; x_wconf 75' lang='lat' dir='ltr'><strong>eat</strong></span> <span class='ocrx_word' id='word_1_161' title='bbox 1009 2813 1065 2892; x_wconf 77' lang='lat' dir='ltr'><strong>poi</strong></span> <span class='ocrx_word' id='word_1_162' title='bbox 1086 2807 1208 2894; x_wconf 74' lang='lat' dir='ltr'><strong>atique</strong></span> 
     </span>
     <span class='ocr_line' id='line_1_21' title="bbox 142 2936 1212 3022; baseline -0.001 -18"><span class='ocrx_word' id='word_1_163' title='bbox 142 2947 203 3004; x_wconf 79' lang='lat' dir='ltr'><strong>eoi.</strong></span> <span class='ocrx_word' id='word_1_164' title='bbox 244 2936 286 3005; x_wconf 86' lang='lat' dir='ltr'><strong>ln</strong></span> <span class='ocrx_word' id='word_1_165' title='bbox 313 2942 579 3022; x_wconf 62' lang='lat' dir='ltr'><strong>percutientium</strong></span> <span class='ocrx_word' id='word_1_166' title='bbox 606 2937 778 3022; x_wconf 72' lang='lat' dir='ltr'><strong>tepentibus</strong></span> <span class='ocrx_word' id='word_1_167' title='bbox 805 2939 870 3004; x_wconf 77' lang='lat' dir='ltr'><strong>hoe</strong></span> <span class='ocrx_word' id='word_1_168' title='bbox 900 2942 1017 3016; x_wconf 84' lang='lat' dir='ltr'><strong>evenit,</strong></span> <span class='ocrx_word' id='word_1_169' title='bbox 1044 2945 1081 3005; x_wconf 81' lang='lat' dir='ltr'><strong>nt</strong></span> <span class='ocrx_word' id='word_1_170' title='bbox 1101 2936 1212 3011; x_wconf 68' lang='lat' dir='ltr'><strong>noua,</strong></span> 
     </span>
     <span class='ocr_line' id='line_1_22' title="bbox 141 3063 1207 3155; baseline -0.004 -19"><span class='ocrx_word' id='word_1_171' title='bbox 141 3071 286 3155; x_wconf 73' lang='lat' dir='ltr'><strong>hospitia</strong></span> <span class='ocrx_word' id='word_1_172' title='bbox 307 3068 461 3146; x_wconf 77' lang='lat' dir='ltr'><strong>habeant,</strong></span> <span class='ocrx_word' id='word_1_173' title='bbox 481 3067 595 3134; x_wconf 82' lang='lat' dir='ltr'><strong>nullas</strong></span> <span class='ocrx_word' id='word_1_174' title='bbox 616 3072 792 3133; x_wconf 78' lang='lat' dir='ltr'><strong>amicitias.</strong></span> <span class='ocrx_word' id='word_1_175' title='bbox 813 3066 903 3132; x_wconf 82' lang='lat' dir='ltr'><strong>Idem</strong></span> <span class='ocrx_word' id='word_1_176' title='bbox 917 3063 1052 3133; x_wconf 81' lang='lat' dir='ltr'><strong>aecidat</strong></span> <span class='ocrx_word' id='word_1_177' title='bbox 1065 3085 1207 3133; x_wconf 84' lang='lat' dir='ltr'><strong>necesse</strong></span> 
     </span>
     <span class='ocr_line' id='line_1_23' title="bbox 142 3196 1206 3295; baseline -0.001 -30"><span class='ocrx_word' id='word_1_178' title='bbox 142 3207 193 3267; x_wconf 82' lang='lat' dir='ltr'><strong>esi</strong></span> <span class='ocrx_word' id='word_1_179' title='bbox 221 3204 278 3278; x_wconf 84' lang='lat' dir='ltr'><strong>iis,</strong></span> <span class='ocrx_word' id='word_1_180' title='bbox 306 3204 362 3282; x_wconf 80' lang='lat' dir='ltr'><strong>poi</strong></span> <span class='ocrx_word' id='word_1_181' title='bbox 391 3198 584 3264; x_wconf 76' lang='lat' dir='ltr'><strong>nulliusne</strong></span> <span class='ocrx_word' id='word_1_182' title='bbox 611 3202 742 3282; x_wconf 80' lang='lat' dir='ltr'><strong>inpenio</strong></span> <span class='ocrx_word' id='word_1_183' title='bbox 775 3196 991 3278; x_wconf 68' lang='lat' dir='ltr'><strong>familiariter</strong></span> <span class='ocrx_word' id='word_1_184' title='bbox 1019 3198 1206 3295; x_wconf 69' lang='lat' dir='ltr'><strong>appiipoai,</strong></span> 
     </span>
     <span class='ocr_line' id='line_1_24' title="bbox 140 3329 1139 3419; baseline -0.003 -24"><span class='ocrx_word' id='word_1_185' title='bbox 140 3329 201 3395; x_wconf 79' lang='lat' dir='ltr'><strong>sai</strong></span> <span class='ocrx_word' id='word_1_186' title='bbox 219 3333 328 3393; x_wconf 85' lang='lat' dir='ltr'><strong>omnia</strong></span> <span class='ocrx_word' id='word_1_187' title='bbox 350 3332 476 3393; x_wconf 75' lang='lat' dir='ltr'><strong>cursim</strong></span> <span class='ocrx_word' id='word_1_188' title='bbox 496 3335 529 3393; x_wconf 84' lang='lat' dir='ltr'><strong>et</strong></span> <span class='ocrx_word' id='word_1_189' title='bbox 547 3334 767 3410; x_wconf 80' lang='lat' dir='ltr'><strong>properantes</strong></span> <span class='ocrx_word' id='word_1_190' title='bbox 788 3333 1027 3393; x_wconf 70' lang='lat' dir='ltr'><strong>tramittant.</strong></span> <span class='ocrx_word' id='word_1_191' title='bbox 1132 3398 1139 3419; x_wconf 38' lang='grc' dir='ltr'>ι</span> 
     </span>
    </p>
   </div>
   <div class='ocr_carea' id='block_1_6' title="bbox 136 3497 1248 3978">
    <p class='ocr_par' dir='ltr' id='par_1_6' title="bbox 136 3497 1248 3978">
     <span class='ocr_line' id='line_1_25' title="bbox 203 3497 1203 3584; baseline -0.005 -20"><span class='ocrx_word' id='word_1_192' title='bbox 203 3502 329 3565; x_wconf 76' lang='lat' dir='ltr'><strong>Erimus</strong></span> <span class='ocrx_word' id='word_1_193' title='bbox 350 3503 451 3584; x_wconf 82' lang='lat' dir='ltr'><strong>igitur</strong></span> <span class='ocrx_word' id='word_1_194' title='bbox 468 3501 504 3562; x_wconf 84' lang='grc' dir='ltr'><strong>ὀύ</strong></span> <span class='ocrx_word' id='word_1_195' title='bbox 524 3504 578 3562; x_wconf 74' lang='lat' dir='ltr'><strong>poio</strong></span> <span class='ocrx_word' id='word_1_196' title='bbox 600 3501 744 3581; x_wconf 78' lang='grc' dir='ltr'><strong><em>ἐμούντων,</em></strong></span> <span class='ocrx_word' id='word_1_197' title='bbox 759 3498 828 3562; x_wconf 74' lang='lat' dir='ltr'><strong>citii</strong></span> <span class='ocrx_word' id='word_1_198' title='bbox 849 3503 904 3562; x_wconf 73' lang='grc' dir='ltr'><strong>τῶν</strong></span> <span class='ocrx_word' id='word_1_199' title='bbox 925 3500 1118 3582; x_wconf 75' lang='grc' dir='ltr'><strong><em>ἀκριβούντων,</em></strong></span> <span class='ocrx_word' id='word_1_200' title='bbox 1139 3497 1203 3561; x_wconf 67' lang='lat' dir='ltr'><strong>niti</strong></span> 
     </span>
     <span class='ocr_line' id='line_1_26' title="bbox 136 3629 1205 3712; baseline -0.001 -19"><span class='ocrx_word' id='word_1_201' title='bbox 136 3634 192 3694; x_wconf 74' lang='grc' dir='ltr'><strong>τῶν</strong></span> <span class='ocrx_word' id='word_1_202' title='bbox 213 3634 422 3712; x_wconf 75' lang='grc' dir='ltr'><strong><em>ἐπιδημούντων,</em></strong></span> <span class='ocrx_word' id='word_1_203' title='bbox 443 3632 511 3694; x_wconf 76' lang='lat' dir='ltr'><strong>itti</strong></span> <span class='ocrx_word' id='word_1_204' title='bbox 531 3635 586 3693; x_wconf 74' lang='grc' dir='ltr'><strong>τῶν</strong></span> <span class='ocrx_word' id='word_1_205' title='bbox 607 3633 780 3695; x_wconf 74' lang='grc' dir='ltr'><strong><em>ἐνοικούντων</em></strong></span> <span class='ocrx_word' id='word_1_206' title='bbox 799 3635 845 3694; x_wconf 72' lang='grc' dir='ltr'><strong>καὶ</strong></span> <span class='ocrx_word' id='word_1_207' title='bbox 865 3637 1097 3711; x_wconf 71' lang='grc' dir='ltr'><strong><em>ἕμφοτευθὲντων.</em></strong></span> <span class='ocrx_word' id='word_1_208' title='bbox 1143 3629 1205 3693; x_wconf 78' lang='lat' dir='ltr'><strong>Hic</strong></span> 
     </span>
     <span class='ocr_line' id='line_1_27' title="bbox 138 3755 1248 3847; baseline -0.004 -19"><span class='ocrx_word' id='word_1_209' title='bbox 138 3771 244 3828; x_wconf 86' lang='lat' dir='ltr'><strong>autem</strong></span> <span class='ocrx_word' id='word_1_210' title='bbox 264 3755 561 3846; x_wconf 87' lang='lat' dir='ltr'><strong>praestantissimus</strong></span> <span class='ocrx_word' id='word_1_211' title='bbox 582 3763 648 3827; x_wconf 85' lang='lat' dir='ltr'><strong>erit</strong></span> <span class='ocrx_word' id='word_1_212' title='bbox 667 3769 837 3847; x_wconf 82' lang='lat' dir='ltr'><strong>perceptae</strong></span> <span class='ocrx_word' id='word_1_213' title='bbox 859 3763 1049 3845; x_wconf 81' lang='lat' dir='ltr'><strong>disciplinae</strong></span> <span class='ocrx_word' id='word_1_214' title='bbox 1070 3762 1204 3840; x_wconf 80' lang='lat' dir='ltr'><strong>fruetus,</strong></span> <span class='ocrx_word' id='word_1_215' title='bbox 1242 3770 1248 3779; x_wconf 77' lang='grc'><em>’</em></span> 
     </span>
     <span class='ocr_line' id='line_1_28' title="bbox 137 3883 1205 3978; baseline -0.004 -16"><span class='ocrx_word' id='word_1_216' title='bbox 137 3916 202 3962; x_wconf 87' lang='lat' dir='ltr'><strong>non</strong></span> <span class='ocrx_word' id='word_1_217' title='bbox 224 3902 261 3960; x_wconf 86' lang='lat' dir='ltr'><strong>ut</strong></span> <span class='ocrx_word' id='word_1_218' title='bbox 282 3915 351 3961; x_wconf 80' lang='lat' dir='ltr'><strong>arun</strong></span> <span class='ocrx_word' id='word_1_219' title='bbox 372 3896 480 3960; x_wconf 79' lang='lat' dir='ltr'><strong>multis</strong></span> <span class='ocrx_word' id='word_1_220' title='bbox 501 3897 652 3960; x_wconf 82' lang='lat' dir='ltr'><strong>confundi</strong></span> <span class='ocrx_word' id='word_1_221' title='bbox 670 3916 731 3961; x_wconf 81' lang='lat' dir='ltr'><strong>noa</strong></span> <span class='ocrx_word' id='word_1_222' title='bbox 758 3897 924 3978; x_wconf 82' lang='lat' dir='ltr'><strong>patiamur,</strong></span> <span class='ocrx_word' id='word_1_223' title='bbox 953 3893 1007 3977; x_wconf 86' lang='lat' dir='ltr'><strong>qui</strong></span> <span class='ocrx_word' id='word_1_224' title='bbox 1034 3893 1120 3957; x_wconf 76' lang='lat' dir='ltr'><strong>noire</strong></span> <span class='ocrx_word' id='word_1_225' title='bbox 1149 3883 1205 3958; x_wconf 80' lang='lat' dir='ltr'><strong>v&#39;e-</strong></span> 
     </span>
    </p>
   </div>
   <div class='ocr_carea' id='block_1_7' title="bbox 0 0 1350 4666">
    <p class='ocr_par' dir='ltr' id='par_1_7' title="bbox 0 0 1350 4666">
     <span class='ocr_line' id='line_1_29' title="bbox 0 0 1350 4666; baseline 0 1"><span class='ocrx_word' id='word_1_226' title='bbox 0 0 1350 4666; x_wconf 95' lang='lat' dir='ltr'><strong> </strong></span> 
     </span>
    </p>
   </div>
  </div>
 </body>
</html>
