2692 4666
550 371 595 387 ...
647 338 674 411 3
724 375 770 389 ..
811 441 813 451 Ι

129 509 302 573 tietantur.
345 510 637 576 Celebratissimmn
658 516 763 574 autem
784 509 949 577 ciceronis
975 526 1098 591 nomeu,
1119 509 1190 593 qur

129 617 235 680 nescit
264 636 355 699 quam
391 625 501 681 sancte
538 638 576 682 ao
612 619 834 700 superstitiose
860 619 922 683 illa
954 617 1191 681 renascentium

126 723 296 787 literarum
316 730 424 787 aetate
455 727 624 806 coleretur,
653 732 689 788 ut
718 726 892 789 inauditum
919 730 1013 807 atque
1042 724 1189 806 inexpia-

128 830 196 894 bile
224 834 331 894 scelus
358 833 598 896 existimaretur
636 834 839 913 committere,
868 834 1043 916 quicumque
1072 833 1128 895 vel
1154 831 1190 896 iu

128 935 197 1018 ejus
219 939 322 1002 verba
337 938 451 1020 jurare
472 943 584 1019 nollet,
606 943 662 1004 vel
684 942 817 1004 audacia
837 946 928 1004 tanta
949 938 1133 1019 exsisteret,
1151 943 1188 1000 ut

127 1044 316 1109 submovere
338 1046 506 1130 quidquam
526 1048 650 1111 familia
671 1046 739 1140 ejus
760 1048 885 1129 impunc
914 1047 976 1110 sibi
1005 1047 1107 1110 licere
1135 1064 1187 1109 ar·
1281 1046 1285 1053 ’

127 1152 364 1233 tiuaretur1).
405 1155 458 1217 Ex
487 1153 548 1218 hac
574 1156 731 1238 opinione,
751 1164 840 1238 'quac
862 1160 973 1236 sponte
1000 1154 1187 1217 invaluerat

124 1259 160 1322 in
187 1261 300 1322 animis
329 1259 495 1342 hominum,
523 1263 672 1326 literatos
704 1263 787 1326 illud
821 1263 926 1326 odium
952 1260 1073 1340 iniecit,
1103 1260 1186 1342 quod

125 1367 321 1430 clarissimos
342 1369 440 1448 viros,
462 1369 669 1432 Laurentium
689 1371 816 1433 Vallum
844 1375 876 1432 et
897 1368 1059 1451 Poggium,
1080 1366 1185 1432 Scali-

124 1491 236 1555 gcrum
265 1480 299 1537 et
327 1476 492 1540 Erasmum
521 1476 556 1541 in
591 1495 723 1559 nomas
754 1482 788 1540 et
820 1476 971 1542 immanes
1000 1473 1185 1540 inimicitias

123 1582 296 1663 pertraxit

508 1764 728 1832 cantu
771 1767 796 1830 l.

126 1910 283 1983 tarouca
302 1915 473 1982 doctorum
492 1922 599 1984 uariis
617 1917 817 2003 tenporibus
835 1918 876 1984 de
895 1920 1024 1984 incerto
1044 1920 1184 1984 auctore

554 2030 747 2091 sententiae.

186 2180 285 2256 Quum
314 2181 488 2275 antiquitus
515 2199 605 2247 nemo
641 2188 773 2265 praeter
800 2179 1042 2260 Quintilianum
1072 2180 1180 2260 ullam,

122 2293 157 2351 ct
177 2286 229 2351 hic
251 2288 375 2370 quidem
396 2289 558 2352 admodum
579 2290 704 2353 dubiam
725 2288 967 2353 Rhetoricorum
989 2288 1030 2350 ad
1056 2287 1180 2350 lleren-

118 2395 207 2459 nirun
227 2397 416 2459 mentionem
436 2398 553 2460 iecerit
567 2395 603 2476 ²),
626 2415 668 2460 ex
688 2397 730 2460 iis
746 2401 858 2474 autem,
874 2395 927 2478 qui
940 2400 1013 2477 post
1028 2390 1177 2472 floruere,

118 2498 344 2583 grammaticis,
365 2505 473 2566 nullus
495 2503 644 2569 Ciceroni
665 2524 743 2587 opus
766 2502 1001 2584 abjudicaverit
1022 2499 1059 2582 ³),
1089 2520 1181 2564 acce-

118 2609 221 2672 dimus
242 2609 389 2672 continuo
411 2611 453 2673 ad
472 2611 656 2675 recentiora
675 2617 827 2693 tempora
848 2609 894 2672 Ac
914 2609 1039 2672 renatis
1054 2608 1180 2690 quidem

118 2717 156 2780 in
178 2717 274 2778 ltalia
293 2717 446 2781 bonarum
473 2720 588 2782 artium
618 2719 741 2796 studiis,
770 2717 945 2800 antiquitus
970 2721 1181 2799 propagatum

118 2822 160 2885 dc
193 2813 498 2888 Cicerone-auctore
521 2844 664 2889 errorem
691 2844 712 2888 a
738 2825 846 2889 multis
874 2823 1043 2905 accipimus
1063 2821 1179 2903 proba·

118 2959 341 2973 ——un—-1-

150 3024 178 3104 ¹)
199 3022 320 3125 uuor,
338 3023 420 3123 urst.
443 3023 515 3084 cet.
537 3021 574 3084 a
593 3022 629 3085 u
650 3044 681 3104 p.
701 3021 763 3086 mu
783 3041 865 3102 sqq.;
884 3019 975 3091 auur,
993 3017 1104 3081 enen
1124 3019 1179 3083 au
1203 2990 1208 3001 '

152 3104 417 3269 oiiipiiini
431 3105 561 3249 iiiia
583 3187 634 3249 or.
655 3186 704 3248 ru.
728 3186 756 3257 1,
776 3184 831 3246 rx.
852 3186 882 3251 a.
1200 3192 1216 3245 ,o

154 3269 180 3349 ³)
200 3269 374 3331 Ciceronem
386 3277 537 3331 auctorem
556 3270 681 3332 laudant
692 3269 902 3346 Hieronymus,
920 3265 1103 3339 Priscianus,
1115 3266 1179 3328 Ru-

198 3351 285 3423 finus,
295 3351 534 3422 FortunatianuS,
555 3353 700 3414 Servatus
712 3351 827 3430 Lupus.
845 3350 944 3410 Ceteri
958 3349 1123 3411 Rhetorica
1139 3349 1179 3412 ad

197 3433 379 3496 Herennium
400 3455 457 3495 non
477 3435 613 3495 videntur
634 3435 815 3515 respexisse.
836 3432 905 3491 Vid,
926 3431 1088 3493 Burmanni
1109 3452 1176 3493 cen-

198 3536 271 3577 sura
284 3518 383 3597 opinn.
398 3516 435 3578 de
448 3523 524 3577 auct
535 3516 606 3577 Her.
621 3538 668 3598 ap.
684 3516 796 3577 Schutz
807 3535 875 3595 pag.
885 3515 913 3574 6.
926 3534 992 3595 sqq.
1001 3513 1111 3582 Causa,
1125 3533 1178 3574 cur
1245 3548 1248 3556 ·

199 3597 347 3659 Prisciani
364 3599 430 3680 jam
451 3605 551 3660 aetate
565 3599 718 3660 Ciceronis
739 3618 815 3678 opus
829 3597 997 3666 haberetur,
1016 3595 1179 3656 manifesta

201 3686 257 3741 est
289 3679 370 3741 Nam
390 3688 509 3763 praeter
530 3702 669 3762 magnam
690 3683 821 3742 locorum
841 3678 1071 3748 similitudinem,
1098 3696 1176 3756 quae

199 3763 259 3824 illis
280 3763 365 3824 libris
385 3785 451 3824 cum
463 3763 637 3828 Rhetoricis
658 3763 697 3826 de
717 3763 888 3824 Inventione
901 3759 1065 3828 intercedit,
1078 3757 1178 3830 Tullii,

198 3842 357 3906 Terentiae
385 3851 417 3907 et
441 3844 602 3908 Tusculani
624 3848 735 3909 mentio
755 3845 804 3906 vix
825 3844 918 3905 ullum
938 3841 1115 3903 dubitationi
1135 3839 1176 3902 lo÷

200 3947 268 3989 cum
288 3927 428 3992 iaciebat.

1306 742 1317 775 *a
