2692 4666
603 333 877 406 ·-n-

229 528 305 594 pere
326 510 474 575 laudavit
495 509 531 589 ²).
559 510 728 574 variorum
747 511 849 593 igitur
867 526 1054 590 seruorum,
1076 510 1286 593 mediusque

227 617 464 682 consuetudinis
483 617 645 699 partieeps
664 618 762 703 fiebat
780 617 892 682 Aelius
912 637 951 681 ue
977 617 1093 681 deiude
1105 684 1108 692 Δ
1119 618 1157 682 in
1177 617 1287 681 sun

226 726 478 808 proficiscentem
498 725 664 788 comitatum
685 731 735 788 est
754 726 930 789 Metellum.
950 723 1108 802 Smyrnae
1128 723 1183 789 bie
1204 727 1286 790 alte-

226 851 296 895 run
316 834 427 897 exsilii
446 832 569 915 tempus
589 831 718 896 ridetur
736 831 935 914 transegisse
960 830 997 912 2),
1023 833 1107 896 unde
1136 850 1230 915 quum
1250 851 1286 897 se
1315 815 1318 821 ’

226 941 404 1022 recepisset
423 941 564 1019 Tralles,
585 940 747 1022 ludosque,
768 939 823 1022 qui
842 940 890 1003 ibi
911 939 1096 1019 edebantur,
1113 944 1286 1021 spectaret

227 1046 345 1110 literae
367 1046 399 1110 ei
419 1046 566 1110 redditae
587 1046 700 1128 quibus
720 1045 873 1128 seriptum
894 1045 1284 1126 ατη-1111118111

226 1159 260 1216 et
272 1154 382 1235 populi
397 1172 552 1217 musensu
566 1153 702 1217 reditum
715 1152 777 1217 illi
787 1153 823 1216 in
837 1153 951 1218 Urbem
972 1153 1087 1216 111111.
1108 1136 1195 1230 Quas
1216 1172 1284 1218 eurr

225 1261 370 1343 legisset,
384 1260 540 1324 laetitiam
552 1259 601 1323 ita
614 1259 777 1339 continuit,
788 1264 824 1322 ut
838 1279 908 1323 eam
921 1277 991 1322 cum
1003 1259 1149 1342 proxime
1172 1260 1283 1324 sedeu-

224 1369 310 1432 tibus
330 1368 423 1431 nulla
443 1385 487 1431 cx
506 1372 598 1449 parte
619 1366 871 1446 communicaret,
893 1385 996 1449 neque
1017 1365 1180 1430 etbeatro
1194 1367 1285 1459 prin

225 1473 339 1552 abiret,
361 1491 452 1555 quarn
472 1474 685 1554 spectaculum
705 1473 823 1536 editum
851 1479 938 1536 esset
959 1470 997 1553 3).
1038 1472 1117 1536 lude
1143 1474 1285 1553 Roman,

224 1580 306 1642 unde
334 1579 496 1644 biennium
521 1580 678 1659 abfuerat,
707 1598 775 1643 oum
799 1577 893 1643 Aelio
927 1583 1156 1658 revertentem,
1192 1584 1284 1645 tanta

223 1687 393 1750 amicorum
413 1703 532 1749 corona
552 1686 594 1749 ad
613 1691 737 1768 portam
756 1686 846 1751 urbis
872 1687 1072 1768 praestolata
1098 1685 1227 1765 1111111,
1246 1691 1286 1750 rt·

226 1793 355 1874 integer
375 1793 444 1856 dies
464 1793 525 1858 rix
545 1794 782 1875 gratulantibus
801 1794 967 1856 sufficeret
985 1785 1025 1872 ²⁴).

284 1899 333 1964 Ab
355 1898 415 1963 boe
435 1900 509 1963 inde
529 1900 800 1982 peregrinationis
825 1906 967 1982 tempore
996 1898 1143 1982 quamdiu
1169 1898 1281 1964 Aelius

223 2008 257 2072 in
278 2008 365 2072 vivis
384 2008 493 2085 fuerit,
513 2008 676 2072 nonlicet
696 2008 866 2071 affirmare.
902 2006 1030 2070 llloruit
1049 2025 1127 2070 sane
1156 2007 1282 2077 adoles-

223 2123 314 2178 cente
337 2114 500 2196 Cicerone,
520 2122 556 2178 ut
576 2134 619 2178 ex
638 2113 732 2196 bajus
752 2117 852 2179 Bruto
874 2120 1008 2197 apparet
1028 2113 1066 2194 ⁵).
1087 2117 1158 2192 Quo
1179 2121 1282 2179 autem

92 2282 94 2293 ,
223 2228 365 2305 tempore
385 2222 438 2285 hic
458 2223 543 2286 liber
565 2223 719 2286 edebatur
738 2219 776 2302 ⁰),
799 2223 881 2287 diem
897 2219 968 2316 jam·
985 2221 1125 2299 obierat3
1151 2240 1284 2306 namque

220 2328 357 2412 atejus,
386 2334 422 2391 nt
441 2328 565 2408 mortui,
585 2329 713 2392 mentio.
747 2331 785 2392 ln
811 2327 1008 2392 Academicis
1035 2346 1115 2392 vero
1139 2327 1177 2408 ⁷),
1205 2348 1283 2412 quae

223 2455 306 2500 auno
327 2435 471 2517 proximo
492 2435 686 2517 predicunt,
715 2435 762 2497 sie
789 2432 858 2514 ejus
879 2435 984 2499 obitus
1013 2436 1206 2501 averrere
1232 2436 1284 2499 de-

221 2544 377 2623 ploratur,
397 2546 517 2603 utnon
538 2540 700 2603 admodrnn
719 2558 835 2603 recens
854 2542 1012 2623 putandus
1033 2541 1085 2605 sit
1162 2594 1166 2622 ‚

282 2645 320 2710 Si
341 2664 422 2708 vera
442 2651 493 2708 est
504 2645 681 2710 emendatio
693 2647 759 2710 loci
773 2647 807 2710 in
821 2647 906 2712 libro
920 2647 1020 2730 primo
1035 2648 1075 2711 de
1093 2648 1232 2711 Oratore
1240 2645 1283 2728 Ρ),

220 2771 258 2816 re
280 2752 359 2816 satis
380 2753 471 2816 lautu
489 2753 552 2816 fuit
570 2754 609 2817 la.
630 2753 760 2832 Aelius3
780 2754 895 2836 quippe
916 2756 1085 2818 multormu
1104 2754 1280 2837 principun

214 2924 216 2932 '
255 2953 280 3031 ¹)
300 2949 363 3050 ere,
378 2925 422 3011 ’1.
443 2948 495 3011 or.
517 2952 542 3015 1.
565 2949 613 3017 16.
635 2950 685 3017 ra.
705 2951 824 3013 seam.
845 2950 933 3016 xm.
953 2953 978 3034 p.
1000 2950 1277 3019 1101111111.
1299 3027 1303 3037 .

260 3031 565 3195 bbbrffdvictpbir.
586 3113 629 3176 lll.
651 3115 699 3177 62.
724 3113 794 3177 Non
821 3122 871 3178 est
896 3135 999 3187 eausa,
1027 3134 1079 3177 cur
1109 3115 1278 3178 dubitemus

303 3216 371 3257 cum
398 3198 610 3278 interpretibus
639 3199 677 3260 de
704 3198 818 3260 Aurelii
844 3199 953 3259 verbis.
994 3195 1075 3259 Nam
1102 3199 1131 3258 si
1152 3202 1280 3266 constat,

303 3276 459 3339 Metellum
481 3278 630 3341 Trallibus
661 3280 787 3342 rediisse
812 3278 950 3348 Romam,
975 3279 1131 3361 probabile
1163 3285 1212 3342 est
1238 3282 1278 3341 in·

301 3360 445 3421 termedio
467 3366 602 3442 tempore
623 3362 771 3441 Smyrnae
793 3368 860 3423 eum
881 3363 1053 3430 exsulasse.

253 3441 277 3521 3)
297 3442 370 3501 Aur.
391 3442 473 3504 Viot.
493 3443 512 3502 Ι.
534 3443 552 3507 Ι.
573 3443 642 3505 Val.
662 3443 743 3504 Max.
764 3442 817 3508 lv,
842 3450 867 3510 1.
891 3444 938 3511 13.

251 3524 281 3607 ⁴)
302 3524 352 3605 Ap
374 3567 381 3582 .
403 3524 422 3584 Ι.
442 3525 464 3588 l.
484 3523 533 3586 33.
554 3524 622 3585 Liv.
642 3527 661 3587 l.
683 3527 701 3586 l
722 3525 802 3588 Veli.
823 3531 862 3590 11.
886 3529 934 3592 111.
953 3526 1040 3588 Diod.
1061 3526 1122 3590 Sic.
1136 3525 1184 3589 Da
1199 3524 1276 3588 Vnt.

254 3687 278 3768 ὁ)
299 3611 333 3752 gt
355 3608 414 3752 ὅὲῒ.
434 3627 464 3687 p.
485 3606 556 3673 609.
578 3607 623 3671 Cl.
645 3608 764 3669 Clinton
789 3607 873 3672 Fusa
895 3608 934 3670 ad
955 3629 982 3674 a.
1004 3609 1053 3673 99.
