2692 4666
515 361 772 432 ..m-,⁴

108 543 253 619 tempore
274 541 442 616 corruptae
465 541 558 599 erant
587 541 621 599 et
649 512 766 600 alienis
797 537 944 607 sordibus
971 539 1172 621 inquinatam

107 643 171 708 lias
190 645 304 707 eluere
333 643 454 705 studuit
472 642 593 721 Aelius,
621 643 716 706 tritas
746 662 841 707 aures
873 644 914 707 acl
941 643 1173 725 dijudicandum

107 749 260 827 astemus,
281 766 456 829 summeque
478 749 513 810 in
535 748 728 811 emendando
739 753 863 811 ¹cautus.
884 752 993 831 Neque
1009 765 1088 813 vero
1103 767 1172 826 oar·

108 857 240 938 rnptela
261 857 364 917 solum
383 856 577 918 deformatae
599 855 728 918 fabulae
749 856 837 934 illae,
860 875 970 919 verum
990 876 1067 936 pars
1088 857 1173 938 ipe·-
1213 881 1216 888 ·
1245 840 1283 929 ,ἐς

108 981 179 1026 rum
199 964 304 1043 louge¹
315 963 457 1025 maxima
478 963 681 1044 supposititia
702 968 781 1025 erat.
809 964 868 1025 llic
889 964 1100 1044 gravissimus
1122 982 1173 1025 er-

109 1067 457 1149 ror-immoriginem
487 1073 624 1149 ceperat,
647 1067 729 1148 quod
754 1074 885 1149 praeter
914 1070 1060 1131 Plautum
1074 1070 1173 1132 alius

109 1173 341 1236 comoediarmn
362 1179 457 1255 poeta
478 1173 632 1251 Plautius,
659 1173 751 1235 illius
778 1173 902 1253 quidem
928 1192 992 1236 non
1019 1175 1172 1256 aequalis,

108 1279 167 1341 sed
194 1277 303 1360 aliquo
329 1283 472 1358 tempore
500 1276 668 1357 posterior,
695 1276 857 1341 floruerat
899 1277 995 1358 (liujus
1024 1279 1172 1360 quonian

107 1386 239 1450 fabulae
286 1369 393 1447 Plauti
425 1384 598 1463 inscriptae
638 1390 755 1463 essent,
792 1392 939 1467 acceptas
973 1404 1046 1449 csse
1078 1385 1173 1468 ¹quasi

108 1492 287 1570 Plautinas,
315 1511 382 1554 cmn
409 1510 524 1573 reapse
552 1510 617 1554 non
652 1510 672 1554 a
700 1494 814 1554 Plauto
848 1493 1027 1570 Plautinae,
1050 1493 1119 1555 nod
1151 1511 1172 1556 a

109 1598 240 1661 Plautio
262 1598 451 1663 Plautiauae
473 1597 537 1659 dici
557 1597 751 1659 debuissent.
769 1587 772 1590 ’
793 1599 860 1659 llas
881 1597 982 1678 igitur
1002 1599 1172 1680 suppositi-

108 1704 188 1784 tias,
203 1721 283 1784 (pras
304 1702 449 1765 Plautius
471 1701 598 1763 videtur
618 1701 794 1763 imitatione
823 1704 931 1766 Plauti
952 1705 1173 1786 composuisse,

99 1809 222 1874 -Aelius
244 1828 264 1872 a
284 1809 432 1890 genuinis
454 1809 562 1870 Plauti
591 1808 710 1871 fabulis
739 1809 850 1872 scdulo
882 1813 1031 1890 secrevit,
1059 1812 1173 1893 probe-

108 1918 220 2000 vitque
240 1937 259 1979 e
280 1923 405 1979 centum
426 1920 459 1978 et
480 1915 618 1996 triginta
639 1915 771 1977 circiter
794 1917 973 1995 comoediis,
994 1937 1076 2000 quae
1097 1938 1172 2001 poe-

104 2031 163 2096 tae
183 2022 319 2089 momine
340 2025 513 2102 ferrentur,
536 2023 671 2104 quinque
694 2028 727 2085 et
747 2023 865 2104 viginti
893 2025 980 2085 solas
1003 2023 1070 2103 ejus
1092 2044 1174 2087 csse.
1234 2030 1236 2036 '

110 2135 181 2209 Qua
202 2132 243 2196 ‹le
263 2150 300 2196 re
321 2131 411 2194 illius
432 2132 580 2193 feruntur
607 2125 740 2199 Iudices
766 2147 869 2211 super
894 2128 1009 2194 Plauti
1035 2128 1173 2210 subulis,

110 2258 197 2324 potue
223 2239 379 2304 dicuutur
407 2235 578 2317 umbipuue
600 2234 636 2315 ¹).
680 2237 904 2310 Quaestionem
941 2244 1061 2315 cutem,
1081 2257 1174 2318 quam

108 2346 170 2411 hoo
189 2365 287 2430 opere
308 2345 419 2408 Aelius
441 2344 640 2424 disceptavit,
661 2349 774 2426 postea
794 2345 898 2407 Varro
926 2345 1021 2407 libris
1051 2346 1173 2408 Plauti-

108 2470 223 2517 narum
251 2449 474 2527 Quaestionum
493 2455 537 2513 ,et
558 2449 716 2530 singulari
745 2450 784 2512 de
807 2448 985 2514 Comoediis
1013 2429 1173 2514 Plautinis
1298 2453 1304 2466 ‘

112 2559 201 2624 lioro
222 2562 408 2640 persecutus
431 2561 488 2618 est
552 2614 554 2619 .

104 2690 108 2698 ’
172 2667 246 2729 Non
272 2664 398 2728 (lulium
426 2669 475 2727 est
502 2683 608 2746 porro,
637 2665 712 2745 quin
740 2685 757 2728 e
787 2664 1007 2748 philosophiae
1042 2667 1171 2739 Stoicae

111 2774 217 2839 studio
244 2772 407 2853 proiectus
435 2771 478 2833 sit
503 2771 589 2833 Aelii
617 2768 880 2836 Commentarius
904 2773 945 2837 de
975 2773 1176 2860 proloquiis,

112 2879 205 2961 cujus
218 2878 398 2940 memoriam
415 2876 542 2942 Gellius
554 2876 647 2938 nobis
661 2877 816 2939 servavit
836 2878 945 2941 Verba
963 2877 1030 2957 ejus
1045 2885 1119 2941 sunt
1129 2878 1174 2958 ὓς

111 2987 234 3065 „Quum
254 2985 289 3046 in
310 2983 496 3063 disciplinas
519 2980 705 3043 dialecticas
726 2981 833 3043 induci
861 2987 955 3064 atque
983 2982 1080 3045 imbui
1102 2984 1172 3047 vel-

111 3094 224 3170 lemus,
245 3109 408 3153 necessum
428 3089 491 3152 fuit
512 3088 602 3150 adire
624 3093 718 3168 atque
740 3106 943 3168 cognoscere,
955 3108 1033 3171 quas
1055 3096 1174 3155 vocant
1196 3092 1207 3108 ‘

150 3303 175 3382 ¹)
198 3297 315 3442 {ielltius
336 3302 392 3396 ¹¹¹:
413 3297 442 3397 3
464 3295 563 3438 Ηυξ
584 3301 684 3438 atetate
705 3297 823 3440 ΙηάἱῗΙθε
844 3296 886 3357 illi
909 3269 1177 3402 auctoritatemyi-

220 3403 257 3442 en
272 3401 306 3440 ur
336 3400 484 3442 amisisse.
556 3400 592 3439 ici
634 3400 729 3439 enim:
800 3400 882 3440 erum
908 3402 973 3443 esse
995 3403 1061 3442 com
1085 3405 1175 3456 eruor,

196 3463 447 3545 quodquoniam
469 3461 541 3520 berae
562 3455 698 3522 literatos
718 3461 853 3522 homiues
874 3446 979 3524 dicere
1000 3406 1112 3536 auelli,
1124 3468 1178 3546 qui

193 3544 359 3627 plerusque
378 3544 484 3604 Plauti
504 3545 676 3604 coraoedius
697 3547 927 3627 curioce‘utque
952 3555 1090 3608 contente
1119 3547 1175 3606 lec-

147 3647 151 3658 ·
199 3630 333 3697 litarent,
355 3647 416 3686 nou
436 3626 590 3687 [radicibus
611 3625 698 3698 Aelii,
720 3648 775 3687 uec
795 3628 934 3707 Sedipiti,
963 3650 1019 3689 uec
1046 3629 1176 3701 Claudii,

199 3730 256 3770 aec
276 3709 400 3780 Aurelii,
422 3729 478 3769 acc
498 3707 593 3778 Accii,
619 3728 675 3770 uec
704 3710 834 3781 Marulli,
861 3730 954 3790 super
980 3711 1027 3769 uis
1052 3710 1176 3790 fabulis,

129 3857 131 3862 ,
199 3813 278 3874 quae
309 3793 451 3854 dicuutur
479 3791 646 3871 umbipuae,
674 3794 853 3862 credituras,
882 3794 940 3854 sed
970 3795 1032 3874 ipsi
1062 3791 1176 3855 Plauto

153 3959 177 4032 2)
198 3873 389 4022 ξιῶνίὂιιὸεᾳαε
409 3876 523 3955 inperii
543 3881 635 3955 aiqrre
654 3875 776 3956 linquae
796 3878 867 3958 ejus.
952 3943 955 3949 ,
