2692 4666
544 339 789 414 ...34-

140 519 167 582 ti
191 516 471 599 ¹),nonpnolicon
497 520 602 578 manen
631 513 908 594 nonattigerunt,
934 526 1039 595 neque
1064 509 1195 574 infore

140 643 178 688 ac
204 625 276 687 luce
302 623 413 706 populi
442 622 567 692 versati
595 625 679 699 anna
712 618 771 684 sed
804 618 955 682 docendis
992 615 1197 698 colendisque

138 731 290 796 bonarum
320 729 437 794 ιηίιωι
463 726 578 792 studiis
616 731 753 790 aetatem
787 729 1037 788 consumserumt
1079 722 1199 787 Incidit

137 843 242 901 numm
260 834 342 901 baec
361 836 397 899 in
415 850 458 899 ea
476 839 627 915 tempora,
649 832 762 914 quibus
790 831 957 894 doctrinae
985 836 1020 894 et
1046 828 1198 892 eruditio-

136 943 189 1006 nis
210 943 405 1007 existimatio
427 941 576 1023 exiguam
597 941 752 1021 quandam
771 939 898 1003 laudem
919 938 1002 1002 viris
1029 938 1198 1020 republica

138 1050 282 1131 gerenda
302 1049 410 1128 claris,
431 1066 563 1111 munera
584 1051 688 1110 autem
707 1046 836 1135 publica
856 1045 1110 1109 detrectantibus
1140 1044 1199 1108 vix

138 1158 237 1220 ullam
258 1155 421 1220 afferebat
443 1154 651 1230 Quamobrem
677 1171 741 1216 non
767 1152 880 1214 minua
908 1156 966 1229 est,
993 1152 1056 1215 etsi
1082 1150 1199 1234 optime

139 1263 294 1326 meruisse
316 1261 355 1326 de
377 1261 544 1324 literarum
565 1259 680 1322 studiis
701 1258 882 1345 videantur,
902 1276 1011 1339 parem
1031 1255 1084 1321 bis
1105 1257 1200 1320 meri-

139 1369 184 1432 tis
204 1369 341 1450 gloriam
362 1385 400 1430 ac
421 1365 641 1431 celebritatem
660 1383 725 1427 non
746 1370 931 1429 consumtus
953 1382 1034 1427 esse.
1071 1365 1201 1430 onnon

143 1480 248 1538 autem
269 1474 308 1535 de
335 1473 500 1554 utriusque
526 1472 624 1536 rebus
652 1471 841 1562 scriptisque
868 1470 1016 1533 notitiam
1042 1471 1201 1534 Varronis

140 1600 178 1644 ac
206 1579 371 1644 Ciceronis
396 1578 592 1658 potissimum
618 1578 808 1660 diligentiae
838 1577 995 1655 debemus,
1022 1596 1041 1639 e
1069 1582 1202 1659 quonum

139 1686 289 1762 fontibus,
310 1684 484 1767 quicumque
505 1691 620 1766 postea
639 1702 747 1748 eorum
767 1683 956 1747 mentionem
972 1684 1129 1764 iecerumt,
1144 1703 1203 1749 sua

35 1797 36 1800 ’
142 1793 294 1857 videatur
314 1790 461 1856 hausisse
483 1792 521 1872 ²).

159 1943 161 1946 >
203 1899 320 1962 Lucius
342 1896 369 1979 ³)
390 1898 501 1962 Aelius
521 1899 708 1963 banuvinua
726 1899 799 1979 fuit,
815 1917 853 1961 ac
871 1898 991 1979 duplici
1006 1887 1204 1979 cognomine,

142 2007 359 2074 Praeconinus
380 2011 413 2069 et
433 2006 529 2072 Stilo.
559 2007 776 2071 Praeconinus
798 2007 837 2070 ab
860 2024 897 2068 eo
919 2004 1092 2084 dicebatur,
1120 2007 1204 2088 qnod

142 2120 236 2196 pater
257 2110 326 2195 ejus
345 2115 548 2195 praeconium
567 2115 691 2178 iecerat
710 2109 749 2194 l).
791 2114 964 2176 Honestum
992 2131 1030 2175 eo
1060 2119 1204 2195 tempore

154 2272 368 2287 ψ

180 2369 204 2446 ¹)
225 2363 378 2506 Spetmlle
399 2361 636 2504 lllkGr.(}.1})p
655 2369 781 2504 utrupune
801 2367 892 2504 gellio
912 2361 1002 2505 Αἶὲία
1011 2368 1055 2505 lpt
1075 2360 1204 2507 Cirpudip

225 2467 271 2507 c.
341 2465 413 2504 unes
484 2464 531 2504 .a
601 2465 708 2505 ome
775 2465 822 2503 u.
900 2489 907 2503 .
976 2488 984 2504 .
1041 2466 1099 2505 ne
1165 2466 1183 2506 a

224 2525 367 2604 Pompon.
388 2465 507 2584 Eneliir.
528 2523 576 2585 lll.
595 2526 624 2584 4.
647 2464 813 2605 ὃρειιιΙιθιῑιΙ.1
829 2465 926 2588 dell]-
949 2532 980 2588 et
996 2524 1031 2587 P.
1051 2465 1090 2586 ii.
1111 2526 1147 2587 F.
1167 2526 1203 2588 ll.

246 2605 326 2672 .48.
346 2604 531 2686 Borghesius
552 2605 692 2668 Giornale
714 2607 862 2668 Arcadico
886 2608 964 2670 1825
985 2628 1014 2688 p.
1040 2606 1098 2670 llll
1121 2629 1189 2691 sqq.

174 2627 684 2838 ²)leplpteplppn'enpmrpcentiotriloga,
703 2689 814 2831 quiLde
821 2692 1043 2832 tptrpqpepigo
1073 2693 1203 2834 agrippe:

401 2790 428 2828 uo
981 2814 989 2830 .
1031 2815 1039 2830 .

225 2791 290 2914 b'uax
311 2852 376 2912 Art.
396 2791 537 2912 Liberust
552 2791 633 2935 elli..)
655 2791 821 2913 liliollaclrc.
839 2792 948 2915 Juniis
968 2775 1205 2916 Animtidviulli

229 2933 277 2995 ll.
318 2932 444 2994 Ceteras
473 2935 589 3012 passim
616 2935 812 2995 laudabimus·
857 2932 935 2995 Mire
962 2939 1064 2996 autem
1092 2935 1205 2998 fallitur

229 3016 375 3077 Funccius
395 3013 443 3074 De
450 3013 512 3074 Vir.
519 3015 590 3076 Aet
602 3017 637 3077 L.
659 3015 693 3076 L.
715 3013 749 3075 P.
760 3013 795 3077 ll
832 3015 924 3078 ,lta
932 3016 1206 3080 AelinmStilonem

228 3118 296 3159 cum
317 3097 404 3158 Aelio
425 3094 512 3156 Gallo
533 3097 724 3159 confundens.
746 3096 790 3157 Ci.
810 3036 845 3157 l‘.
866 3095 889 3157 l
909 3117 938 3177 p.
959 3097 1029 3159 313.
1050 3098 1121 3162 314.

179 3179 207 3260 ⁸)
228 3179 321 3241 Iacet
339 3197 519 3257 praenomen
540 3181 568 3240 ei
589 3179 693 3250 fuisse,
715 3199 783 3239 cnm
803 3181 940 3240 univerae
967 3198 1005 3240 ex
1030 3180 1102 3241 aliis
1128 3182 1205 3244 locis

229 3259 410 3338 intelligitur,
430 3265 493 3320 tum
514 3261 737 3323 evidentissime
758 3282 776 3322 e
796 3259 933 3322 Varrone
953 3261 991 3322 de
1012 3260 1049 3322 la
1068 3261 1107 3323 la.
1123 3261 1207 3324 Vlll.

227 3341 277 3403 81.
298 3339 382 3400 Milli.
404 3339 523 3410 Quodsi
540 3343 667 3405 Morcus
688 3343 849 3423 Perperna
869 3343 955 3404 ciuile
974 3351 1022 3404 est
1045 3363 1155 3407 moneo
1176 3353 1209 3408 et

229 3421 374 3502 cnoloqiu
394 3425 555 3504 sequenda,
583 3425 730 3486 Lucius
758 3424 874 3485 Aelio
893 3433 925 3487 et
945 3424 1075 3495 Quintus
1101 3427 1208 3489 Mutia

229 3503 329 3565 virilia
349 3507 471 3565 murina
492 3525 557 3566 esse
576 3505 732 3567 debebunt.

181 3588 207 3668 ⁴)
228 3585 313 3649 Suet
342 3585 361 3644 l.
388 3587 407 3646 l.
437 3584 551 3647 Plinius
577 3587 656 3648 ilisa
681 3586 753 3648 Nat.
781 3586 927 3649 xxxin.
958 3588 986 3648 l.
1011 3589 1065 3665 (7).
1091 3590 1210 3653 Aomdu

231 3669 400 3731 distexere
420 3668 548 3729 alteram
568 3669 704 3730 orclicuem
725 3671 922 3749 (equestrem)
945 3691 966 3730 o
982 3669 1081 3749 plebe,
1107 3681 1144 3734 ut
1162 3695 1207 3735 se

229 3750 290 3812 mel
315 3757 482 3831 coeperam
506 3771 572 3819 esse
599 3749 739 3819 celebres,
772 3753 852 3811 siccut
880 3754 984 3812 moira
1017 3752 1056 3814 ob
1084 3755 1208 3818 comma

226 3834 372 3896 &aalma
392 3839 526 3906 murore:
546 3852 726 3914 quaropucmu
747 3839 777 3893 et
790 3831 849 3893 boe
864 3835 952 3894 sero:
971 3833 1120 3917 calpeque
1128 3857 1207 3919 pur·

224 3935 309 3995 pura
337 3914 446 3978 lotium
478 3916 598 3977 amicae
624 3934 696 3977 uuor
724 3915 887 3978 incudm
914 3917 1004 3978 ettoa
1019 3937 1206 3998 procem,
