2692 4666
549 332 793 402 ..18-

139 525 278 591 gressus,
309 527 368 590 quo
398 513 538 590 tempore
566 509 698 572 Romani
720 506 821 571 adbuc
849 506 945 569 rudes
972 510 1074 585 erunt,
1105 505 1200 568 etin

140 615 237 680 bellis
258 615 408 696 gerendis
428 616 642 697 maximopere
664 615 817 696 occupati.
859 614 907 679 Ab
929 613 1077 676 Etruscis
1099 613 1201 675 multa

142 721 355 801 adsciverunt,
385 741 465 805 quae
493 723 533 784 ad
561 741 664 802 sacra,
691 722 862 803 praecipue
893 721 934 784 ad
963 719 1201 802 haruspicinam

140 828 378 911 augurandique
400 829 607 911 disciplinam,
635 830 711 893 item
739 830 779 892 ad
805 828 898 891 ludos
927 827 1071 890 scenicos
1099 827 1201 909 perti-

137 937 263 999 nebant.
306 937 443 1010 Quartum
469 954 575 999 rerum
609 935 844 998 communicatio
880 935 1060 998 naturalem
1090 935 1200 1016 gentis

142 1043 302 1105 Romanae
323 1042 476 1105 ferociam
497 1048 530 1105 et
550 1041 712 1105 borridum
734 1042 822 1105 vitae
851 1060 952 1122 genus
980 1060 1044 1104 non
1071 1047 1201 1123 poterat

139 1167 203 1213 nou
218 1155 396 1230 temperare
412 1149 574 1232 ipsamque
590 1151 695 1232 aliquo
709 1148 913 1212 humanitatis
934 1167 1031 1211 sensu
1050 1148 1202 1211 imbuere.

140 1257 279 1320 Mucium
300 1257 400 1337 igitur
420 1257 519 1336 illum,
535 1258 588 1339 qui
609 1260 771 1321 Porsenae
793 1262 901 1320 eastra
921 1256 1066 1334 intravit,
1088 1255 1201 1318 nutrix

141 1365 279 1426 Etrusca
307 1382 436 1443 puerum
464 1364 601 1426 Etrusci
634 1364 746 1446 lingui
783 1363 925 1427 erudivit
955 1360 990 1443 ¹),
1025 1368 1200 1445 posteaque

139 1488 226 1531 more
248 1475 408 1548 receptum
430 1470 557 1549 Romae,
578 1476 613 1532 ut
639 1470 732 1552 pueri
758 1471 792 1534 in
819 1471 983 1533 Etruriam
1009 1469 1200 1551 disciplinae

141 1577 238 1638 causa
258 1575 461 1637 mitterentur
483 1574 520 1657 ²).
563 1579 700 1658 Propter
720 1578 955 1641 memorabilem
975 1577 1058 1640 hanc
1080 1584 1114 1640 et
1134 1578 1201 1640 fre-

142 1688 288 1762 quentem
309 1681 343 1744 in
363 1681 499 1746 historia
519 1684 662 1747 Romana
682 1686 886 1747 Etruscorum
915 1685 1113 1762 mentionem,
1143 1704 1201 1748 ve·

141 1788 277 1850 sisimile
300 1794 357 1862 est,
379 1789 418 1853 ab
446 1788 558 1852 iisdem
587 1791 682 1853 etiam
707 1790 885 1854 scholarum
913 1791 1109 1872 publicarum
1134 1809 1200 1854 mo-

141 1913 209 1959 rem
236 1897 441 1977 repetendum
471 1916 552 1961 esse.
600 1898 714 1962 Livius
741 1904 856 1962 narrat
878 1895 914 1978 3),
947 1916 1064 1961 morem
1097 1899 1199 1961 fuisse

142 2003 290 2083 Faliscis,
313 2004 421 2068 eodem
442 2006 595 2087 magistro
617 2006 790 2069 liberorum
812 2011 845 2068 et
873 2005 984 2068 comite
1005 2005 1061 2084 uti,
1091 2005 1199 2069 simul·

143 2088 203 2191 que
224 2112 334 2192 plures
350 2132 466 2192 pueros
480 2114 575 2176 unius
590 2133 685 2177 curae
700 2114 907 2189 demandam
927 2113 1103 2194 principum
1118 2132 1198 2176 vero

140 2218 263 2282 liberos
285 2219 324 2282 ab
346 2219 396 2299 iis,
418 2222 472 2302 qui
493 2222 628 2286 scientia
641 2221 830 2284 viderentur
849 2221 1059 2302 praecellere,
1076 2221 1199 2285 erudiri

142 2325 265 2387 solitos.
307 2326 426 2389 Eodem
455 2333 595 2410 tempore
616 2328 700 2391 idem
719 2327 816 2389 moris
845 2332 917 2389 erat
946 2327 1139 2389 Tusculanis
1159 2323 1199 2406 4),

141 2450 271 2512 quorum
292 2431 400 2493 urbem
428 2432 593 2513 ingressus
615 2432 777 2511 Camillus,
804 2432 896 2495 ludos
922 2434 1089 2495 literarum
1116 2437 1199 2496 stre-

138 2541 252 2616 pentes
274 2535 461 2597 discentium
483 2536 615 2599 vocibus
637 2536 771 2600 invenit
803 2536 894 2618 Apud
914 2538 1071 2600 Romanos
1094 2543 1198 2602 autern

136 2679 356 2696 *-

178 2777 200 2850 1)
222 2773 308 2837 Dion.
330 2772 398 2837 Hal.
420 2773 491 2835 Anti
515 2794 542 2856 q.
563 2773 651 2839 Rom.
672 2774 712 2839 V.
733 2775 782 2840 28.

172 2858 200 2937 ²)
222 2855 287 2920 Liv.
309 2855 363 2919 lX.
384 2856 425 2918 36
446 2794 598 2918 deqliabio
628 2858 765 2920 Caesone
793 2859 881 2922 dicit:
920 2860 1016 2923 Caere
1048 2862 1197 2922 educatus

222 2941 311 3020 opud
329 2939 472 3020 hospites,
493 2940 633 3002 Etruscis
652 2943 724 3003 iude
750 2941 846 3004 literis
875 2944 1011 3004 eruditos
1040 2951 1115 3013 erat,
1143 2943 1196 3002 lin-

219 3043 312 3102 quam
354 3043 370 3082 c
385 3023 547 3083 Etruscam
557 3023 655 3102 probe
669 3033 799 3086 noverat.
820 3025 928 3086 Habeo
942 3034 1091 3095 auctores,
1105 3025 1197 3106 otdpo

218 3112 280 3164 tum
302 3111 309 3178 (
338 3105 373 3164 ll
395 3124 420 3164 a.
433 3103 516 3185 Chr.)
538 3105 694 3170 Romanos
711 3127 835 3187 pueros,
857 3110 936 3170 sieut
962 3127 1042 3168 nuuc
1057 3107 1196 3178 Graecis,

219 3188 264 3246 ito
285 3187 423 3247 Etruscis
443 3186 537 3248 literis
559 3190 673 3249 mmdiri
693 3189 805 3250 soiitos.
832 3190 950 3260 Mulier,
970 3190 1028 3251 Die
1049 3189 1198 3251 Etrusker

220 3266 290 3330 Vol.
311 3267 347 3331 ΙΙ.
368 3288 397 3348 p.
418 3269 487 3332 346.
509 3276 540 3330 et
562 3290 592 3350 p.
613 3270 682 3334 312.
703 3271 825 3333 Ellendt
846 3273 885 3332 ad
911 3272 994 3335 Brut.
1029 3272 1092 3335 Cic.
1123 3270 1197 3333 Pro·

219 3350 297 3430 legg.
323 3371 352 3491 p
380 3352 409 3412 8.
447 3351 504 3414 Cff.
531 3352 593 3415 Cic.
623 3353 690 3417 Div.
716 3352 738 3417 l.
760 3354 809 3417 dl.
832 3357 934 3436 ibique
955 3354 1104 3417 Moserus,
1126 3353 1196 3416 Vel.

220 3430 300 3495 Mox.
374 3434 400 3496 l.
421 3469 462 3477 —
482 3433 586 3496 Tradit
606 3435 730 3496 Servius
752 3435 790 3496 ad
811 3437 887 3501 Aen.
909 3436 975 3501 Vll.
996 3458 1041 3500 vs.
1064 3437 1196 3516 695.ρο-

218 3513 320 3593 pulum
341 3515 511 3576 Romanum
532 3518 633 3578 missis
655 3517 830 3579 decemviris
854 3539 872 3579 a
897 3517 1025 3581 Faliscis
1048 3520 1120 3600 jura
1140 3518 1196 3578 Fc-

220 3596 308 3656 eialia
339 3603 370 3658 ot
405 3598 543 3658 nonnulla
578 3599 786 3679 supplementa
815 3600 873 3661 Xll
907 3604 988 3665 tabb.
1027 3603 1194 3681 accepisse.

219 3676 436 3749 Quumtamen
458 3679 625 3741 haedere
649 3681 719 3743 nihil
748 3681 866 3746 aliunde
896 3689 1023 3755 constet,
1049 3703 1195 3745 commen-

219 3760 315 3820 titium
336 3761 424 3842 vulgo
445 3760 579 3824 habitum
601 3770 657 3826 cst.

173 3842 198 3919 3)
220 3841 260 3904 v.
282 3842 331 3906 27.

170 3922 410 4002 mmmm
