2692 4666
522 340 768 414 „m-

112 511 170 593 qui
191 509 289 572 talem
309 507 452 571 laborem
470 524 536 570 non
552 493 810 585 reformidasset,
822 512 825 516 '
839 525 932 588 qaam
957 507 1039 570 vitio
1065 508 1182 573 verno

110 618 180 696 „lle
207 611 412 696 originibus“,
439 613 543 695 inquit
559 611 595 692 ¹),
622 614 811 691 „verborum
830 614 887 695 qni
919 615 1020 677 multa
1053 616 1181 678 dixerit-

113 723 285 800 conada,
299 721 410 803 ‘potiris
428 720 506 783 beni
527 721 760 797 consulendum,
780 739 872 802 quam
893 722 947 804 qui
968 723 1090 805 aliquid
1114 743 1176 786 ne·-

114 829 269 912 qrivcrit,
288 826 601 909 reprehendendum
626 828 815 909 praesertim
842 848 911 891 cum
940 830 1027 892 dicat
1055 836 1176 908 etymo-
1311 897 1313 901 ,

114 938 227 1019 logice
245 955 309 999 non
330 928 464 998 omnimn
486 935 655 998 verborum
675 935 739 997 dici
758 954 852 1016 posse
875 955 1014 999 causam:
1041 938 1096 1020 qni
1123 957 1174 1001 os·

114 1045 224 1107 tendit
254 1043 427 1126 equitatum
455 1061 526 1104 esse
554 1042 594 1105 ab
629 1042 797 1123 equitibus,
830 1043 952 1125 equites
986 1045 1026 1107 ab
1059 1046 1175 1126 equite,

40 1203 46 1208 .
114 1152 255 1234 equitem
275 1150 315 1213 alo
337 1168 426 1232 equo,
446 1166 549 1232 nequo
571 1168 670 1231 equus
689 1149 772 1211 unde
794 1150 838 1212 sit
863 1149 964 1230 docet,
990 1156 1095 1214 tamen
1121 1151 1177 1216 lic

113 1259 212 1321 docet
224 1262 257 1319 ct
268 1258 364 1340 plnra
380 1261 414 1318 et
428 1253 588 1317 satisfacit
608 1261 717 1336 grato3
737 1274 828 1337 quem
839 1257 959 1320 imitari
970 1257 1175 1340 possimusne,

113 1365 189 1447 ipsc
208 1364 293 1427 liber
313 1362 431 1426 indicio
453 1359 543 1424 erit“
1170 1368 1180 1421 ,’

180 1472 353 1534 Praeclare
386 1469 486 1549 igitm
515 1473 548 1530 et
574 1469 819 1535 clementissime
854 1470 893 1533 de
925 1472 1080 1552 magistro
1115 1491 1174 1536 sno

118 1580 228 1643 Varro
244 1575 410 1658 judicavit
432 1577 540 1656 Neque
561 1575 690 1656 parcitus
711 1576 843 1639 eundem
870 1576 984 1641 cicero
1011 1579 1176 1657 laudavit3

115 1685 174 1769 qui
194 1683 374 1746 accuratius
395 1681 492 1745 etiam
517 1686 551 1742 et
577 1681 729 1744 disertius
756 1682 822 1745 vini
849 1684 965 1747 merita
989 1691 1177 1767 persecutns

120 1797 174 1857 est
193 1791 235 1854 in‘
247 1791 349 1854 Bruto
370 1789 412 1869 2);
433 1788 528 1867 „lluit
546 1786 658 1853 Aelius
679 1789 734 1851 vir
754 1790 914 1870 egregius,
935 1798 969 1853 et
989 1811 1086 1875 eques
1113 1794 1178 1856 llo-

114 1879 230 1962 nanus
267 1916 335 1959 cnm
363 1896 475 1979 primis
507 1893 669 1975 honestus,
703 1895 847 1976 idemque
882 1898 1114 1961 eruditissimus
1144 1905 1179 1962 ct

117 2006 260 2070 Graecis
275 1993 383 2067 literis
413 2009 458 2066 ct<
471 2002 608 2082 numu,
636 2003 898 2085 antiquitatisque
924 2010 1055 2067 nostrae
1083 2011 1117 2068 et
1141 2006 1177 2068 in

116 2112 263 2177 insutis
282 2113 378 2176 rebus
400 2117 434 2173 et
459 2111 494 2173 in
521 2111 602 2173 actis
629 2110 761 2172 literate
787 2111 928 2192 peritus:
956 2130 1048 2193 quam
1075 2113 1179 2176 scien-

117 2220 205 2299 tia,
217 2221 322 2285 Varro
343 2225 454 2280 noster
475 2223 637 2300 acceptam
658 2217 698 2280 ab
719 2217 789 2295 illo,
811 2223 993 2300 auctamque
1014 2237 1074 2300 per
1094 2238 1177 2298 sese,

120 2326 177 2390 uir
195 2325 326 2407 ingenio
346 2331 525 2406 praestans,
552 2324 697 2406 omnique
725 2325 878 2403 doctrina,
907 2326 1052 2407 pluribus
1080 2332 1113 2388 et
1138 2328 1180 2390 il-

117 2432 327 2499 lustrioribus
347 2433 455 2494 literis
485 2432 670 2514 explicavit-
712 2431 888 2495 sedidem
914 2430 1025 2495 Aelius
1052 2433 1182 2498 saian

119 2559 194 2606 esse
216 2540 329 2618 voluit,
349 2545 460 2602 orator
481 2547 585 2603 autern
610 2558 671 2602 nec
699 2539 819 2601 studuit
845 2558 981 2621 unquam
1006 2538 1181 2603 accinit!

124 2690 127 2695 -
168 2647 342 2711 -fleoenus
363 2645 415 2707 hic
428 2645 574 2708 breviter
586 2645 764 2726 expositam
779 2646 876 2707 totius
887 2645 1043 2710 Aelianae
1064 2644 1185 2710 doctrll

91 2735 185 2821 'ne
200 2753 442 2834 praestantiam.
479 2755 555 2815 ·Non
583 2752 665 2814 enim
687 2753 896 2816 eruditionem
922 2759 1043 2816 tantum
1064 2760 1097 2815 et
1124 2772 1182 2817 va·

117 2862 202 2929 riam
222 2880 292 2922 cum
313 2861 509 2924 Graecarum
529 2864 593 2920 tum
613 2859 801 2922 Latinarum
821 2860 988 2923 literarum
1017 2861 1182 2923 scientiam

118 2967 430 3051 praedicatonem,
452 2966 625 3029 sedetiam
647 2966 843 3047 singularem
857 2967 1103 3048 interioremque
1125 2987 1182 3030 an-

118 3075 282 3158 tiquitatis
302 3075 463 3136 Romanae
485 3072 698 3153 cognitionem
719 3072 751 3135 ei
771 3073 891 3150 tribuit,
914 3091 1005 3154 quam
1034 3074 1081 3142 ita
1106 3093 1180 3155 pcr-

119 3187 262 3264 spectam
287 3177 438 3243 habuisse
468 3178 569 3257 docet,
597 3184 691 3240 utet
720 3179 754 3240 in
783 3181 923 3241 iacentia
949 3177 1059 3256 rebem,
1086 3200 1182 3264 quae-

120 3308 244 3370 nque
269 3287 395 3350 scilicet
423 3287 464 3348 ad
492 3287 616 3367 priscos
636 3285 745 3367 populi
771 3304 874 3348 mores
901 3292 934 3348 et
955 3286 1110 3368 instituta,
1140 3289 1182 3352 ad
1287 3344 1294 3357 .

119 3396 280 3477 originem
301 3400 335 3455 et
355 3392 547 3455 incunabula
567 3391 690 3469 artium,
712 3391 754 3454 ad
773 3392 931 3472 publicam
959 3394 1180 3478 privatamque
1223 3467 1226 3472 ,

119 3502 321 3583 disciplinam
342 3500 551 3582 pertinerent,
574 3505 607 3560 ct
626 3498 661 3560 in
682 3502 780 3574 actio,
802 3517 881 3580 quae
909 3499 1054 3564 historiis
1082 3521 1181 3564 anna

116 3609 265 3690 libusque
288 3605 541 3682 continebantur,
562 3603 725 3666 habuerat
747 3602 783 3683 3).
813 3604 993 3670 Accedebat
1013 3613 1117 3671 autem
1138 3608 1181 3670 ad

152 3773 496 3897 pmnnmm.

152 3859 831 4023 dffiffimfflmmwma
