2692 4666
147 543 243 601 recte
265 538 389 621 quidem
410 536 554 602 defendit
573 535 766 619 Scladmus,
783 540 1040 605 consentiendum
1060 560 1125 606 uon
1145 562 1216 608 esse

148 645 205 725 iis,
228 645 282 727 qui
302 645 393 709 illam
420 646 668 727 similitudinem,
697 666 777 730 quae
805 647 891 710 inter
919 655 1083 733 utrumque
1109 648 1217 715 rheto-

150 753 257 816 ricum
296 772 375 834 opus
402 752 583 833 intercedit,
617 754 743 818 Gracco
778 753 900 817 cuidam
933 756 1091 838 scriptori,
1127 777 1217 840 quern

149 867 286 943 uterque
307 864 419 923 auctor
440 866 567 923 secutus
589 843 640 939 sit,
662 861 863 924 tribuendam
883 867 1004 942 putent.
1040 866 1120 929 Nam
1140 884 1215 948 quo-

151 966 354 1047 minuleraec
367 966 460 1031 nobis
480 967 565 1030 ratio
587 968 776 1047 satisfaciat,
791 969 920 1033 obstare
942 969 1122 1033 versiculos
1141 981 1216 1054 pod-

148 1080 256 1138 tarum
276 1075 461 1138 Latinorum
489 1076 528 1137 ab
556 1081 690 1157 utroquo
717 1082 982 1156 commemoratos
1007 1077 1213 1162 inprimisque

146 1184 256 1246 locum
293 1182 483 1262 Plautinum,
513 1201 604 1265 quern
636 1189 751 1247 neuter
776 1184 918 1267 potuerit
946 1201 989 1248 ex
1015 1185 1213 1268 Hermagora

149 1291 279 1354 aliusve
301 1289 453 1354 Rhetoris
474 1291 559 1354 libro
581 1309 715 1371 sumere,
742 1297 775 1356 et
800 1292 836 1355 in
863 1310 923 1374 quo
949 1291 1213 1374 reprehendendo

144 1403 284 1478 uterquc
306 1398 414 1460 eodem
435 1398 525 1461 modo
547 1398 718 1477 erraverit,
733 1400 816 1481 quod
836 1399 896 1463 uix
916 1399 988 1462 lieri
1008 1405 1126 1482 posset,
1146 1401 1211 1465 nisi

147 1506 237 1568 alter
259 1505 406 1568 essetab
429 1507 534 1569 altero
554 1505 588 1568 in
611 1524 753 1581 errorem
774 1505 920 1569 inductus
944 1505 980 1585 ¹).
1002 1509 1074 1589 lpse
1096 1513 1209 1587 autem,

145 1630 227 1675 suae
255 1611 432 1675 sententiae
461 1612 591 1692 vindan,
617 1615 695 1677 dicit
716 1613 760 1693 2);
795 1617 914 1692 „Quum
944 1620 1032 1679 esset
1061 1615 1210 1680 Ciceroni

145 1718 348 1782 adolescenti
368 1719 566 1800 propositum
589 1719 723 1800 eligere,
753 1720 958 1800 quodcunque
987 1721 1141 1802 placeret,
1169 1740 1212 1786 ex

145 1826 285 1889 omnium
306 1826 476 1904 doctorum,
499 1826 673 1908 quicunque
693 1826 840 1905 fuissent,
861 1827 901 1891 ab
922 1828 1033 1891 ultimo
1052 1830 1211 1912 principio

146 1932 244 2014 hujus
264 1932 499 2015 praeceptionis
521 1952 620 2015 usque
642 1933 683 1996 ad
713 1952 802 1995 suum
828 1939 949 2014 tempus
976 1935 1133 2016 expositis
1161 1956 1212 2001 co-

145 2038 223 2120 piis,
245 2039 354 2120 quidni
375 2039 470 2100 ctiam
492 2036 670 2119 Gniphouis
692 2036 832 2100 doctoris
851 2037 901 2099 sui
922 2037 1089 2101 dictatas.
1109 2039 1212 2105 libros

144 2147 189 2210 ab
212 2166 250 2208 eo
280 2146 416 2227 scriptos
443 2145 478 2207 in
507 2145 672 2208 eonsilium
709 2143 884 2224 adhiberet,
912 2162 956 2207 ex
982 2143 1094 2226 iisque,
1129 2165 1208 2228 quae

144 2255 267 2318 idonea
288 2253 484 2330 viderentur,
507 2252 694 2333 decerperet
702 2250 735 2315 l“

210 2357 316 2421 Aliter
336 2375 404 2420 rem
426 2356 581 2439 explicuit
601 2354 766 2432 lloodios,
789 2356 840 2418 cui
859 2374 924 2419 non
945 2358 1028 2420 omni
1050 2376 1098 2421 ero
1113 2364 1205 2438 parte

143 2465 309 2530 satisfecit
344 2464 490 2528 Schutzii
517 2462 694 2544 {sententia
736 2464 924 2545 Suspicatus
952 2469 1010 2544 cst,
1044 2470 1208 2548 utrumque

142 2578 310 2637 auctorem
332 2559 536 2634 communiter
557 2591 615 2635 sua
635 2590 654 2634 e
676 2570 786 2635 Latini
813 2570 964 2635 Rhetoris
986 2573 1209 2636 commentario

145 2679 208 2741 vel
228 2677 313 2739 libro
333 2674 489 2753 hausisse,
510 2675 558 2738 ita
578 2680 613 2736 ut
634 2675 747 2740 Cicero
768 2675 943 2740 Rhetorica
964 2696 1023 2741 sua
1042 2679 1132 2759 prius
1160 2678 1208 2742 in-

143 2783 316 2848 choaverit
345 2789 439 2864 atque
467 2782 612 2860 ediderit,
648 2801 739 2863 quam
767 2801 825 2846 sua
850 2785 993 2847 incertus
1027 2793 1137 2849 auctor
1165 2787 1206 2848 ad

145 2892 344 2956 Herennium
366 2889 402 2971 ³).
424 2890 527 2952 Aliam
549 2889 683 2970 denique
705 2890 905 2972 excogitavit
924 2892 1081 2954 rationem
1101 2887 1206 2954 Boa-

187 3082 208 3156 1)
231 3078 351 3141 Schutz.
373 3076 509 3137 Prooem.
530 3074 548 3135 l.
569 3096 597 3156 p.
621 3074 668 3136 52.

179 3164 211 3324 ἒξ
230 3157 1056 3324 ἓίὼωὲοἷὶοθίιῖὶνθὲεἰῗὴὶῗῗνῖεΙσοίξὲοῃρῗηωίπεαηιε
1085 3240 1207 3302 Esttled-

228 3344 312 3402 auop
344 3347 400 3387 ous
433 3329 529 3387 ciuem
563 3322 790 3404 Ledroortraqe
820 3324 895 3384 oder
924 3322 1112 3393 Ledrduclte
1142 3324 1209 3384 uod

232 3425 311 3465 zwor
332 3411 412 3467 cloes
433 3405 647 3469 Loteioioclwo
667 3405 830 3474 Blasionem,
850 3404 992 3466 walchem
1012 3409 1045 3467 in
1065 3408 1121 3467 der
1147 3406 1207 3466 An·

229 3488 379 3565 ordouuq,
399 3490 432 3548 io
451 3491 656 3573 Definitionen
676 3490 742 3550 aad
763 3487 939 3568 Beispielea
957 3510 1058 3569 pennu
1086 3510 1121 3548 zu
1146 3487 1205 3567 fol-

228 3591 298 3652 pon,
314 3570 420 3652 jedem
450 3572 609 3655 Vcrfasoer
637 3575 717 3633 eines
746 3571 936 3633 Hoadbuclos
970 3577 1116 3651 coaptant
1141 3572 1205 3630 seia

230 3656 352 3721 lcoaate,
373 3649 422 3710 otc
442 3654 607 3737 mdplicloer
620 3655 918 3736 Erkldoooysptaood
937 3653 1021 3715 oiclot
1040 3654 1207 3731 ooaworfen

230 3737 352 3798 werden
375 3733 601 3812 diirfenooodci
620 3739 701 3799 &aa
721 3737 877 3798 immerito
898 3754 1114 3815 oopeoommeo
1134 3755 1206 3793 aeeo-

230 3823 291 3880 dea
311 3819 403 3885 lauzo,
424 3814 474 3877 dio
493 3818 619 3887 Btlclter
638 3820 684 3881 od
701 3821 888 3882 Herennium
909 3820 990 3880 selca
1017 3821 1132 3897 opltteo,
1159 3817 1206 3877 als

231 3902 362 3964 Cicero's
382 3897 510 3978 Scdrifi,
530 3898 714 3972 arcadicum,
734 3903 785 3964 die
803 3904 848 3963 io·
863 3902 969 3964 beiden
1001 3899 1130 3963 Werlcea
1156 3899 1205 3961 od-

231 3983 417 4046 wecltsolodc
453 3978 719 4065 Volstuodtpkeit.
742 3986 808 4048 arad
838 3982 1097 4065 Atosffiltrlt‘cltkcit
1128 3981 1204 4044 tote
