2692 4666
192 501 315 564 unicum
335 499 418 581 apud
444 516 502 561 nos
529 499 689 579 specimen
716 498 838 577 orandi,
869 497 1062 580 docendique
1083 496 1252 574 oratorias

186 613 284 686 artes,
305 609 348 669 Μ.
370 607 512 671 Tullius:
533 613 719 689 postquem
739 611 848 669 tacere
868 605 1131 669 modestissimum
1151 605 1250 683 forct,

183 715 248 778 nisi
268 719 301 776 et
320 712 500 777 rhetoricos
521 733 595 776 suos
623 714 693 797 ipse
722 713 919 777 adolescenti
949 713 1013 778 sibi
1042 715 1170 793 elapsos
1200 712 1251 775 di-

187 824 285 898 ceret,
307 824 340 881 et
359 820 393 883 iu
413 819 565 883 oratoriis
586 817 668 882 baec
686 819 821 898 minora,
842 838 922 903 quae
950 820 1096 902 plerique
1123 819 1252 884 desidc-

179 933 264 1005 rent,
285 927 391 989 sciens
412 924 598 989 omisisset“
640 927 694 988 llx
722 925 784 989 boc
809 929 881 990 loco
910 927 1008 990 facile
1042 927 1251 1007 intelligitur,

180 1034 388 1097 intervallum
409 1034 569 1115 temporis,
592 1034 674 1116 quod
694 1033 781 1096 inter
812 1033 944 1096 Antonii
966 1034 1115 1096 allectum
1136 1030 1253 1114 opus¹)

186 1146 220 1204 ct
241 1142 412 1221 praeclara
433 1139 600 1205 Ciceronis
622 1141 743 1224 scripta
763 1141 900 1213 medium
927 1143 997 1221 fuit,
1024 1161 1088 1205 non
1115 1142 1253 1204 destitu-

182 1235 249 1312 tum
269 1250 369 1312 fuisse
391 1250 520 1311 illorum
541 1253 648 1329 opera,
671 1250 724 1332 qui
745 1249 779 1311 iu
799 1247 963 1312 rhetorico
992 1268 1111 1331 genere
1141 1250 1253 1313 elabo-

184 1361 307 1436 rarent,
329 1356 520 1437 scriptisque
542 1356 633 1418 illius
654 1356 843 1437 disciplinae
864 1362 975 1438 partes
996 1357 1162 1439 explicare
1184 1362 1253 1420 stu-

185 1462 309 1526 derent.
330 1465 530 1544 Quamquam,
552 1461 634 1543 quod
655 1462 732 1525 illos
761 1462 977 1538 Quintilianus
1003 1462 1065 1544 bic,
1096 1464 1151 1526 ubi
1177 1483 1255 1545 pro-

184 1569 368 1635 batissimos
403 1568 554 1649 deinceps
591 1588 700 1632 omues
737 1577 886 1634 auctores
913 1576 1083 1650 recenset,
1119 1572 1253 1634 silentio

188 1675 426 1758 praetermittit,
453 1677 533 1739 lacit
559 1678 695 1756 omnino,
722 1684 758 1740 ut
785 1685 938 1761 putemus,
966 1677 1123 1743 libetures
1150 1680 1255 1743 maxi-

191 1802 272 1847 mam
293 1790 417 1865 partem
437 1784 538 1848 luisse
559 1785 692 1847 istorum
714 1804 731 1848 c
752 1800 892 1866 numero,
907 1787 961 1868 qui
978 1787 1131 1852 Censorio
1146 1788 1254 1850 edicto

187 1891 302 1953 docere
343 1890 496 1973 prohibiti
533 1898 642 1956 essent
663 1890 708 1972 2);
758 1912 836 1975 quos
879 1894 1116 1956 inclaresccndi
1155 1897 1254 1957 causi

189 1999 350 2063 scribendi
371 2018 482 2061 munus
503 2005 575 2081 post
597 1999 709 2064 Crassi
729 2007 862 2064 mortem
883 2001 1062 2083 suscepisse
1083 2001 1253 2083 probabile

187 2112 244 2169 est.
266 2109 316 2168 lta
336 2112 529 2169 memoratur
551 2107 650 2169 Plotii
670 2105 711 2170 de
726 2113 824 2188 pecta
844 2108 930 2172 liber
946 2105 982 2187 3).
1003 2104 1039 2170 lu
1052 2108 1125 2171 istis
1147 2114 1254 2172 autem

189 2214 291 2276 minus
313 2214 495 2276 celebribus
522 2213 646 2276 Aelimn
677 2233 798 2296 quoque
826 2214 991 2293 Stilonem,
1013 2216 1156 2297 quamvis
1184 2218 1254 2279 lau-

189 2320 381 2407 debiliorem¹
400 2321 596 2402 scriptorem,
610 2340 729 2403 ponere
750 2323 862 2403 potuit,
875 2324 989 2405 quippe
1011 2322 1052 2385 ad
1067 2322 1254 2387 Ciceronem

190 2428 339 2491 leudibus
370 2427 543 2489 amandum
579 2428 749 2490 festinans.
791 2428 857 2492 Sed
881 2427 1033 2493 babemus
1067 2428 1254 2495 Suetonimu

189 2534 311 2596 diserte
333 2534 520 2612 tradentem,
542 2539 672 2596 veteres
691 2533 923 2598 Grammaticos
944 2536 1041 2599 etiam
1059 2535 1262 2602 rhetoricam·

188 2640 344 2717 docuisse,
367 2657 404 2701 ac
424 2639 593 2703 multorum
614 2639 654 2703 de
675 2645 808 2723 utraque
831 2648 901 2706 arte
932 2644 1174 2706 commentarios
1195 2663 1256 2709 suc
1309 2717 1313 2723 ,

190 2751 296 2810 aetate
318 2746 400 2808 ferri
420 2742 459 2826 l).
486 2749 592 2849 Quare
614 2767 678 2811 non
699 2749 788 2814 dubit
775 2756 816 2831 to,
838 2770 931 2833 quum
951 2754 1117 2816 veteribus
1139 2752 1253 2818 Gram-

58 2926 61 2932 ,
187 2854 312 2918 maticis
334 2872 429 2916 unum
448 2854 585 2918 maxime
608 2875 817 2920 annumerare
838 2857 964 2922 Aelium
991 2866 1146 2941 oporteat,
1175 2862 1251 2970 quin

191 2981 229 3026 re
250 2981 332 3026 vera
353 2962 392 3026 de
413 2960 577 3026 rhetorica
598 2963 775 3046 scripserit

252 3068 459 3133 Videndum
445 3088 512 3150 pam
533 3075 591 3150 est,
570 3069 654 3133 tad
676 3089 767 3152 quam
789 3076 926 3136 aetatem
953 3073 1032 3137 libri
1061 3074 1103 3136 ad
1130 3076 1255 3139 lieren-

192 3175 278 3239 nium
299 3177 412 3258 scripti
433 3173 597 3241 referendi
619 3179 693 3242 sint.
715 3178 803 3244 Satis
818 3186 908 3242 certa
923 3181 1065 3263 vestigia
1081 3183 1256 3263 continent,

196 3281 309 3363 quibus
338 3283 530 3363 declaratur,
557 3304 622 3348 nou
650 3288 752 3349 solum
784 3287 930 3369 antiquos
966 3307 1047 3367 esse,
1074 3291 1131 3352 sed
1159 3284 1264 3354 etiem'

193 3387 322 3469 primos,
345 3389 466 3471 quibus,
488 3410 551 3472 qua
571 3392 639 3501 late
660 3397 781 3474 patent,
801 3391 977 3458 Rhetorica
996 3395 1125 3460 Latinis
1147 3397 1257 3461 literis

278 3646 325 3708 De
347 3667 406 3728 quo
427 3646 464 3709 cf.
485 3646 648 3794 Westerlm.
652 3649 727 3814 qup.
749 3653 768 3713 l.
788 3672 818 3733 p
841 3652 909 3714 lll.
931 3659 990 3716 not.
1012 3655 1040 3717 5
1125 3688 1140 3709 ι

276 3727 347 3794 vid
368 3724 455 3811 Disp
476 3752 503 3791 n.

230 3650 256 3727 ¹)

149 3730 392 3967 {Quill
396 3809 468 3958 Ιιέιῐι.
426 3731 688 3957 pffahsq
565 3814 592 3879 3.
615 3815 684 3880 Vid.
690 3755 861 3880 qWosierm.
869 3815 932 3898 Ὸρ.
947 3819 967 3879 l.
981 3839 1010 3900 p.
1035 3818 1102 3882 137.
1124 3825 1185 3884 not.
1210 3821 1255 3883 le.
