2692 4666
471 374 554 415 f-
602 351 655 424 ω
705 384 751 401 -ι

83 526 160 616 illa
179 524 355 590 familiaria
375 524 574 604 crediderim,
589 543 627 588 ac
646 525 843 607 potissimum
864 528 1010 607 spectare
1032 539 1161 603 operam

96 631 297 714 reipublicae
317 638 469 697 nauatam
493 629 528 712 ¹),
554 633 675 713 inqua
693 650 758 696 non
777 632 880 696 minus
908 649 1000 713 qnam
1027 631 1062 694 in
1089 630 1163 692 doo-

95 740 187 804 trina
206 739 318 803 Aelius
338 739 426 803 varii
445 758 521 803 usus
542 740 643 805 fuisse
664 739 782 803 dicitur
795 737 833 818 ²).
853 738 957 820 Atque
977 737 1030 800 bio
1051 742 1162 818 sponte

95 848 133 912 in
152 853 291 912 mentem
310 865 499 910 revocamus
522 847 681 911 amicitiae
703 847 818 922 officia,
840 847 953 929 quibus
983 865 1018 908 se
1046 836 1163 909 nobili-

96 955 161 1019 tati
182 956 343 1018 liemarum
365 955 611 1032 commendabat,
633 972 775 1036 quaeque
804 953 981 1016 scribendis
1009 951 1164 1015 orationi-

98 1062 159 1127 bus
186 1062 324 1124 maxime
352 1061 523 1142 conspicua
551 1067 653 1124 erant.
695 1063 880 1138 Praeterea,
910 1060 940 1122 si
973 1059 1164 1140 quaerimus,

98 1188 160 1251 quo
182 1168 317 1232 oonsilio
338 1167 419 1232 haec
433 1167 607 1232 Rhetorica
628 1167 857 1249 conscripserit
878 1172 997 1244 auctor,
1012 1184 1077 1228 non
1090 1165 1164 1229 obs*

98 1293 209 1337 curum
231 1282 281 1338 est
307 1275 574 1353 animadvertere,
605 1276 644 1338 ab
672 1294 710 1337 eo
739 1274 1003 1337 exercitationem
1033 1271 1159 1335 dicendi

98 1383 272 1465 praecipuo
293 1384 365 1445 loco
385 1380 526 1445 habitam
547 1400 628 1458 esse,
644 1400 736 1463 quam
753 1381 859 1445 ubivis
878 1382 954 1443 data
975 1397 1074 1462 opera
1093 1379 1164 1440 lau-

100 1489 157 1553 dat
179 1494 213 1551 et
233 1488 389 1571 discipulo
411 1489 615 1552 commendat.
636 1490 687 1551 lta
701 1489 862 1570 prooemio
876 1475 981 1551 artem
998 1487 1075 1549 dicit
1093 1485 1164 1549 siue

98 1596 291 1660 assiduitate
320 1596 447 1659 dicendi
475 1615 539 1659 non
571 1597 702 1658 multum
725 1593 859 1676 juvare,
889 1596 1048 1658 rationem
1073 1611 1167 1674 prae-

101 1703 260 1785 ceptionis
281 1702 322 1766 ad
342 1704 607 1767 exercitationem
628 1704 858 1767 accommodari
879 1709 1038 1785 oportere.
1080 1704 1167 1766 Idem

102 1810 136 1877 iu
155 1810 220 1872 tine
243 1811 365 1891 operis:
406 1812 541 1890 „Omnes
568 1810 711 1874 rationes
738 1810 955 1874 honestandae
978 1809 1167 1872 elocutionis

103 1917 247 1980 studiose
274 1917 470 2000 collegimus,
491 1917 526 1981 in
553 1919 675 2000 quibus,
701 1917 852 1996 llerenni,
879 1917 908 1979 si
934 1922 967 1980 te
995 1916 1170 1997 diligenter

104 2023 300 2103 exercueris,
333 2030 367 2087 et
392 2026 587 2106 gravitatem
614 2030 647 2089 et
681 2025 870 2106 dignitatem
907 2029 941 2086 et
977 2023 1168 2086 suavitatem

102 2129 224 2196 habere
245 2132 279 2194 in
301 2130 433 2195 dicendo
454 2134 587 2215 poteris,
608 2138 644 2195 ut
665 2133 808 2195 oratorie
834 2133 931 2213 plene
952 2130 1105 2212 loquaris.
1127 2163 1168 2174 -

106 2238 173 2302 lies
194 2239 365 2301 communis
387 2240 504 2321 agitur,
525 2245 561 2303 ut
580 2243 769 2322 frequenter
790 2246 824 2302 et
851 2239 979 2303 assidue
1002 2235 1029 2317 3)
1058 2255 1170 2300 couse-

108 2363 239 2428 quamnr
260 2346 341 2408 artis
362 2346 521 2410 rationem
541 2347 646 2410 studio
669 2353 702 2409 et
724 2347 959 2409 exercitatione
979 2342 1037 2424 ‘'b“
1080 2347 1168 2420 Quae

109 2452 235 2535 quidem
260 2452 295 2515 iu
322 2451 456 2533 Aelium,
483 2454 524 2518 ad
550 2453 710 2518 forensem
738 2472 867 2537 operam
894 2455 1051 2516 Romanos
1081 2451 1173 2514 insti-

109 2563 259 2638 tuentem,
278 2578 343 2628 nou
363 2560 467 2623 miuus
488 2562 691 2642 conveniunt,
713 2580 805 2644 quam
827 2561 910 2644 quod
936 2565 1048 2623 auctor
1075 2558 1172 2639 addit,

10 2708 15 2724 .
45 2726 48 2732 ,
106 2665 248 2731 libenter
269 2684 304 2728 se
326 2685 395 2730 cum
416 2667 578 2730 Herennio
599 2674 732 2750 propter
754 2669 926 2732 amicitiam
953 2667 1101 2730 exerceri
1122 2685 1173 2728 so-

106 2772 207 2836 litum.
248 2773 332 2835 ilinc
353 2773 437 2837 enim
457 2779 572 2855 patere
593 2775 731 2853 videtur,
752 2793 816 2838 uon
843 2774 951 2837 ludum
971 2774 1097 2836 dicendi
1118 2793 1174 2853 pu-

108 2879 225 2949 blicum
244 2878 405 2960 babuisse,
427 2881 484 2943 sed
503 2881 657 2963 privatim
678 2902 746 2944 cum
766 2882 981 2945 familiaribus
1003 2899 1041 2942 ac
1060 2898 1172 2941 neces-

62 2978 68 2995 '
107 2986 207 3051 sariis
228 2987 388 3050 oratorios
410 2995 586 3052 conventus
607 2990 796 3052 instituisse.
826 2989 954 3052 Pariter
973 2985 1095 3063 Aelius,
1116 2985 1170 3066 qui

108 3112 128 3156 a
148 3092 304 3158 Suetonio
325 3093 360 3156 in
383 3095 464 3156 artis
484 3096 722 3177 professoribus
743 3115 807 3157 non
827 3099 1021 3157 numeratur.

170 3200 458 3264 Animadvertimus
481 3221 578 3285 supra
600 3199 636 3281 ⁵),
657 3203 820 3264 referente
844 3201 962 3279 Gellio,
984 3200 1172 3265 Ciceronem

112 3307 271 3371 vocabula
297 3311 501 3373 nemosianus
529 3316 562 3372 et
591 3312 768 3373 nomssime
795 3309 927 3388 vitasse,
955 3309 1101 3391 quoniam
1132 3307 1173 3370 iis

111 3413 222 3478 Aelius
243 3415 291 3478 uti
310 3417 476 3479 noluisset.
497 3386 632 3481 ilrravit
659 3417 796 3482 Gellius.
837 3419 925 3496 Nam,
946 3417 1026 3480 licet
1045 3417 1079 3479 in
1101 3414 1174 3478 rbe-

134 3629 159 3747 ζ)
178 3627 280 3689 Burru.
301 3649 348 3708 ap.
368 3627 490 3690 Schutz.
512 3628 531 3689 1.
552 3628 572 3689 l.
591 3648 620 3709 p.
644 3627 691 3689 ll.

137 3714 159 3869 ³3
179 3709 413 3854 {ffgtesslclidifigo
424 3711 551 3856 2eiciatur
571 3793 712 3856 diceudo.

134 3870 160 3950 l¹)
183 3875 229 3935 ef.
251 3873 285 3935 ΙΙ.
307 3874 336 3935 7.
356 3873 407 3935 ΙΙΙ.
428 3875 493 3958 24.ι

137 3957 160 4036 ⁵)
180 3955 216 4023 P.
240 3957 288 4020 68.
