2692 4666
193 532 267 585 tros
289 519 329 583 ie
349 517 539 602 antiquitate
561 521 710 599 Romana,
732 526 766 583 et
786 520 1041 604 conquerebatur
1061 519 1150 584 Aelii
1170 538 1256 585 nor·

194 630 268 705 tene
303 643 365 707 qua
389 623 540 689 inchoata
565 625 627 688 iila
653 624 760 688 studia
788 630 823 688 et
851 622 891 688 eii
922 644 960 688 eo
985 630 1119 689 anctore
1145 626 1257 691 literis

191 732 335 801 meari
356 738 477 815 coepta,
498 732 692 816 aliquamdiu
712 733 842 798 deserta
857 731 1045 814 Jaeuissem.
1060 732 1162 797 donec
1182 733 1256 815 ipse

94 854 120 923 2·
190 860 231 906 ee
249 841 348 905 latius
368 841 519 924 persequi
539 841 740 904 instituisset.
759 839 827 905 Sed
848 840 974 904 dubium
1002 839 1110 904 videri
1132 845 1254 923 potest,

94 934 98 945 ’
190 966 273 1013 num
297 947 357 1011 hoc
393 949 463 1031 ipso
499 949 593 1012 titulo
631 951 860 1032 antiquitatum
900 949 1002 1012 libros
1042 948 1255 1031 insignIverit

192 1054 312 1120 Aelius.
353 1055 437 1120 Mihi
464 1056 588 1137 quidem
614 1056 713 1119 totius
747 1057 812 1120 ioci
839 1055 923 1118 ratio
957 1056 1140 1138 persuadet
1167 1056 1256 1127 mm

187 1163 367 1246 praeivisse
396 1181 466 1227 erno
496 1163 624 1240 ceteris,
652 1164 706 1245 qui
727 1163 829 1226 secuti
851 1168 932 1242 sunt,
959 1160 1164 1246 antiquitatis
1190 1165 1255 1229 ite

189 1285 303 1333 manae
323 1268 624 1349 investigatoribus3
645 1273 808 1332 versatum
828 1268 945 1331 iccirco
964 1267 1160 1350 potissimum
1181 1287 1253 1333 erse

192 1376 228 1439 in
254 1375 458 1438 recludendis
486 1374 576 1437 illius
611 1376 708 1438 studii
736 1375 886 1455 fontibus,
910 1377 1256 1457 perscrutatumanti-

193 1483 345 1565 quissima
371 1483 493 1545 veteris
520 1483 594 1546 aevi
620 1488 827 1577 monumenta,
855 1500 955 1566 eaque
982 1483 1187 1564 grammatice
1216 1489 1253 1549 ot

95 1608 99 1630 ⁶
192 1590 304 1653 critice
331 1591 542 1670 interpretari
572 1596 724 1670 conatum,
752 1596 788 1653 ut
815 1591 920 1654 aditus
947 1590 987 1654 asi
1012 1606 1121 1657 reru!
1146 1589 1256 1672 mui-

191 1696 319 1776 tionem,
340 1697 511 1778 patefactis
532 1697 703 1761 verborum
724 1697 1018 1781 significationibus,
1033 1703 1068 1761 ct
1082 1699 1257 1765 enucleato

191 1819 296 1880 sensu,
316 1809 499 1883 pararetur.

252 1908 320 1971 Hoc
347 1907 472 1990 quidem
499 1908 663 1991 proposito
692 1908 822 1990 scripsit
848 1909 1145 1990 interpretationem
1172 1906 1255 1973 Gar·

191 2014 307 2078 minum
334 2014 516 2094 Saliarium,
547 2015 586 2079 de
615 2034 677 2099 qua
704 2017 809 2080 Varro
833 2014 875 2096 1)ε
907 2017 967 2095 „iit
993 2014 1028 2081 iu
1056 2017 1162 2081 soluta
1182 2030 1259 2080 ors-

193 2123 290 2203 tione,
319 2124 366 2187 sic
392 2124 426 2186 in
455 2125 611 2206 poematis
639 2125 740 2187 verba
769 2142 834 2186 non
860 2123 973 2202 onnia,
1004 2140 1086 2204 quae
1114 2121 1259 2187 habeant

192 2227 285 2308 tropo,
305 2233 438 2312 possunt
459 2228 531 2291 diei.
553 2231 662 2311 Neque
682 2228 782 2291 multa
808 2229 849 2292 air
877 2248 914 2292 eo
945 2224 1137 2312 (errentur),
1164 2246 1257 2311 quen

192 2354 257 2401 non
278 2343 373 2401 erunt
393 2337 427 2399 in
447 2336 670 2401 lucubratione
690 2335 807 2398 literae
835 2341 1033 2417 prosecutae,
1058 2336 1189 2398 muitum
1213 2333 1257 2399 li-

196 2448 249 2508 eet
269 2441 397 2526 legerit.
419 2441 512 2519 Aelii,
534 2439 671 2504 hominis
691 2439 725 2501 in
745 2438 846 2520 primo
868 2438 902 2501 in
923 2439 1030 2503 literis
1050 2439 1178 2504 Latinis
1199 2455 1259 2503 ex-

195 2552 333 2630 ercitati,
354 2549 652 2632 interpretationem
680 2547 851 2611 carminum
878 2547 1040 2612 Saliorum
1069 2548 1197 2613 videbis
1223 2553 1260 2611 et

195 2656 329 2720 exiliter
350 2653 378 2736 ²)
401 2653 584 2736 expeditam
606 2659 639 2716 et
666 2652 847 2735 praeterita
873 2653 1009 2718 obscura
1037 2638 1149 2717 mnita'
1189 2655 1258 2717 Nee

193 2761 313 2842 mirum,
335 2779 427 2844 quum
447 2779 510 2823 non
530 2760 621 2822 niodo
642 2758 845 2841 Epimenides
866 2764 939 2841 post
959 2777 1058 2821 annos
1085 2759 1113 2821 ii
1136 2775 1254 2840 exper-

194 2877 304 2935 rectus
326 2890 346 2934 a
367 2868 475 2931 multis
495 2887 559 2929 non
580 2872 799 2947 cognoscatur,
821 2866 877 2929 seii
899 2865 995 2928 etiam
1016 2865 1141 2927 Teucer
1157 2864 1252 2929 iaivii

110 3026 114 3035 .
197 2984 270 3063 post
291 2995 391 3043 annos
411 2977 471 3040 XV
493 2975 532 3037 ab
555 2974 621 3036 suis
653 2973 706 3055 qui
736 2973 778 3036 sit
805 2972 982 3055 ignoretur.
1023 2971 1065 3034 At
1091 2970 1152 3034 hoc
1179 2971 1254 3055 quin

198 3085 240 3149 ed
273 3085 443 3150 verborunn
471 3081 665 3165 poeticorum
701 3079 858 3143 oetatem?
893 3096 1023 3162 quorum
1057 3079 1086 3141 si
1118 3078 1254 3160 Pompili

194 3208 328 3274 regnum
356 3192 429 3255 iona
456 3189 490 3253 iii
517 3187 709 3252 carminibus
738 3186 907 3266 Saliorum,
941 3205 1043 3268 neque
1072 3204 1112 3249 ea
1137 3187 1177 3250 ab
1206 3204 1258 3250 sn-

196 3297 377 3381 potioribus
399 3303 538 3379 accepta,
559 3301 664 3358 mmen
685 3293 805 3359 habent
826 3293 910 3359 DCC
930 3291 1059 3358 annos.“
1100 3294 1184 3357 iiiuc
1209 3295 1259 3358 in·

199 3403 369 3486 telligitur,
392 3419 484 3483 quam
506 3418 643 3482 operosa
664 3405 697 3462 et
718 3399 819 3462 ardua
844 3397 937 3478 hujus
964 3399 1123 3482 susceptio
1152 3400 1259 3481 operis

280 3561 328 3623 cit.
350 3556 420 3620 Vid.
441 3556 512 3622 Ero.
532 3563 632 3621 annot.
654 3556 692 3618 ad
713 3557 732 3621 i.
754 3555 773 3619 1.
796 3555 858 3618 sed
886 3572 1014 3616 errorem
1035 3572 1122 3615 suurn
1141 3553 1260 3616 videtur

277 3642 455 3727 agnovisso3
477 3642 506 3703 in
526 3641 608 3703 Ciav.
630 3642 707 3702 enirn
729 3641 768 3701 de
796 3641 974 3781 contiguitate
987 3637 1128 3699 Romanu
1140 3635 1259 3698 Aelium

255 3789 257 3799 .
281 3725 442 3807 scripsisse
465 3729 617 3785 memorat.
645 3721 701 3786 cff.
723 3721 859 3785 Bernhar
880 3740 901 3800 y
922 3718 981 3802 Op.
1002 3718 1022 3782 i.
1043 3738 1072 3799 p.
1093 3718 1163 3781 325.
1204 3717 1260 3780 Su·

282 3810 381 3892 ringor
403 3805 461 3889 op.
482 3805 501 3870 Ι.
523 3811 546 3869 i.
567 3824 596 3886 p.
617 3805 666 3871 ir.

238 3896 260 3972 ¹)
281 3890 328 3953 De
349 3888 384 3955 L.
405 3888 441 3954 1..
465 3886 534 3956 vil.
554 3887 583 3950 2.
605 3884 633 3952 3.

234 3976 260 4054 ¹)
281 3969 382 4056 Vuigo
408 3971 484 4036 exiii
516 3968 612 4033 litero.
644 3969 707 4032 Sed
732 3968 791 4035 rid.
816 3969 886 4033 loct.
907 3969 1010 4032 variet.
1038 3984 1087 4049 ap.
1117 3964 1259 4050 Spengel.
