2692 4666
566 335 812 406 ...qq-

145 509 292 573 scribere
314 510 488 590 aggressus
501 509 552 589 sit,
567 489 711 591 undeque
726 510 788 573 illa
807 515 899 574 tauta
918 511 1088 575 verborum
1111 528 1214 592 oeque

143 636 186 680 ac
212 617 442 679 sententiarum
474 616 647 679 similitudo
673 617 708 678 in
736 623 869 698 utroque
900 636 997 699 opere
1034 617 1207 681 exstiterit

144 723 291 786 'faudem
319 724 430 805 quaeri
456 723 567 804 possit,
598 723 808 805 quid.causae
828 723 928 785 fucrit
946 723 1153 803 Quintiliano,
1174 728 1211 786 ut

143 836 308 894 auctorem
341 829 452 892 horum
479 829 721 902 historicorum
757 830 798 894 ed
832 827 1026 894 Herennium
1055 846 1208 914 nusquam

144 939 370 1001 nominaverit.

210 1047 314 1109 Versu
333 1046 392 1108 illo
414 1045 581 1109 Luciliano
608 1046 733 1108 Aelium
758 1044 914 1111 Stilonem
942 1044 1117 1125 significari
1142 1063 1207 1109 non

141 1153 271 1217 dubium
292 1158 350 1231 est,
372 1153 519 1234 quoniam
538 1171 733 1234 praenomen
747 1153 842 1231 Aelii,
861 1170 921 1234 quo
943 1170 963 1214 a
983 1153 1100 1215 ceteris
1122 1150 1207 1231 ejus-

141 1261 216 1323 dem
241 1260 376 1322 nominis
404 1260 620 1343 distinguitur,
650 1260 790 1324 additum
822 1259 965 1323 videmus
988 1259 1025 1333 ¹).
1066 1259 1204 1322 Benivo-

140 1367 265 1430 lentiae
287 1372 392 1430 autern
412 1367 624 1429 testimonium
644 1368 715 1447 fuit,
737 1368 819 1449 quod
841 1367 1036 1431 ciLucilius
1064 1367 1205 1448 priorem
1279 1353 1281 1356 ⁵

140 1473 322 1540 Satirarum
337 1474 454 1537 librum
468 1474 643 1556 inscripsit.
662 1477 770 1550 Quare
785 1474 1081 1539 malivolentissirue
1092 1474 1202 1536 Aelius

140 1585 176 1644 ct
195 1579 448 1660 injuriosissime,
477 1601 537 1662 quo
564 1600 663 1643 versu
690 1581 792 1664 ipsum
824 1583 942 1646 amicus
970 1583 1202 1663 compellasset,

139 1709 182 1752 eo
203 1690 273 1771 ipso
295 1690 335 1752 ad
356 1690 575 1770 castigandum
595 1690 687 1752 illum
714 1709 790 1752 usus
817 1691 984 1766 videatur3
1012 1689 1222 1771 praesertim,

141 1815 212 1859 cunr
236 1798 387 1875 fateatur,
425 1797 584 1859 assiduum
612 1797 646 1859 in
673 1797 864 1859 inconcinna
899 1799 1069 1860 verborum
1098 1802 1204 1861 trans-

139 1901 282 1984 jectione
303 1904 404 1965 fuisse
425 1903 591 1965 Lucilimu.
613 1903 730 1978 Quidni
752 1921 839 1981 vero,
860 1902 946 1965 dicat
967 1903 1092 1984 aliquis,
1113 1922 1205 1984 quum

141 2010 253 2074 codem
273 2026 385 2072 errore
407 2010 538 2072 amicum
559 2009 743 2091 saepissime
768 2010 891 2088 lapsum
916 2009 1127 2090 intelligeret,
1155 2013 1204 2072 ta-

140 2119 207 2180 lem
225 2117 330 2179 locum
351 2117 491 2198 exempli
508 2118 604 2179 causa
621 2117 736 2197 posuit,
754 2114 843 2195 cujus
860 2114 1110 2199 reprehensione
1126 2115 1203 2178 ami·

144 2223 424 2287 citiaesanctiteti
444 2225 536 2286 nulla
555 2222 675 2304 injuria
703 2225 819 2286 tierett
848 2223 957 2304 quidni
984 2242 1051 2302 nos,
1078 2228 1114 2284 ut
1140 2225 1202 2287 tali

141 2332 238 2412 culpa
268 2331 335 2394 viri
368 2330 585 2393 honestissimi
616 2331 796 2393 memoriam
828 2335 1025 2412 praestemus
1056 2330 1201 2409 liberam,

139 2437 292 2500 audacter
306 2437 499 2519 negabimus,
511 2436 595 2500 hunc
608 2455 736 2502 versum
758 2438 797 2500 ab
810 2437 903 2501 Aelio
923 2438 1099 2519 profectum
1120 2454 1202 2514 esse,

117 2549 236 2628 ¹atque
265 2545 414 2628 deceptos
443 2547 591 2627 opinione
611 2565 671 2609 nos
692 2550 777 2624 esda
785 2545 933 2626 dicemus,
961 2545 1015 2628 qui
1041 2544 1072 2609 ei
1099 2545 1201 2609 libros

139 2653 180 2715 ad
201 2653 397 2733 Herennium
418 2653 676 2716 vindicaremus?
697 2655 784 2716 llaec
806 2674 884 2718 sanc
906 2653 969 2716 dici
989 2654 1122 2736 possint,
1143 2651 1200 2715 sed

142 2759 317 2822 cavendum
337 2779 378 2821 nc
400 2765 518 2821 temere
541 2760 761 2822 assentiamur.
797 2761 924 2824 litenim
942 2780 1007 2825 uon
1028 2761 1199 2841 negligen-

140 2868 213 2929 dum
243 2871 302 2945 est,
330 2872 455 2947 poetam
485 2865 633 2928 comicum
658 2867 758 2928 fuisse
780 2867 946 2946 Lucilium,
973 2867 1027 2948 qui
1053 2867 1087 2928 in
1116 2866 1200 2928 omni

137 2972 292 3038 libertate
320 2972 475 3035 sermonis
505 2972 652 3053 Eupolin,
685 2971 858 3051 Cratinum,
890 2978 922 3034 ct
955 2968 1200 3052 Aristophanem

137 3080 323 3157 aemulatae,
350 3080 504 3160 primores
525 3079 634 3160 populi
662 3080 841 3161 corriperet
868 3085 902 3141 et
927 3078 1044 3160 populo
1070 3076 1198 3140 minime

138 3190 291 3268 parceret
313 3183 350 3266 ²).
392 3187 419 3248 ii
452 3186 641 3268 fragmentis
668 3187 822 3248 librorum
848 3190 881 3248 et
909 3184 1038 3247 aliunde
1066 3190 1201 3263 constat,
1243 3167 1245 3171 ⁸

137 3292 297 3373 Metellis,
332 3291 541 3373 carbonibus
568 3292 737 3359 Scaevolis
768 3292 927 3355 infensum
954 3293 1055 3356 fuisse
1083 3311 1200 3374 cosque
1295 3300 1305 3315 “

129 3480 366 3496 *ιι-..-

172 3608 195 3683 ¹)
216 3603 286 3665 Nou
308 3604 388 3664 enim
415 3603 618 3686 confugiemus
648 3604 687 3665 ad
715 3603 798 3665 Hier.
825 3602 966 3684 Capiduri
994 3606 1201 3672 commentum,

222 3688 272 3766 qui
295 3688 325 3746 in
346 3685 459 3746 Comm.
480 3689 511 3748 in
530 3685 622 3748 Rhet.
644 3687 683 3749 ad
703 3685 774 3748 Her.
795 3685 824 3746 h.
844 3685 863 3746 Ι.
884 3685 1064 3747 Aduerbiom
1084 3683 1135 3743 tie
1157 3690 1203 3744 est

220 3766 318 3839 luci,
339 3767 369 3828 Ιι.
391 3789 416 3829 e.
436 3789 504 3830 com
521 3772 656 3850 mmmm
677 3767 842 3832 woradum
863 3769 991 3829 emicuit.
1308 3808 1314 3821 .

171 3854 196 3927 ²)
218 3848 293 3994 {¹5⁰1
308 3849 473 3997 ξὲξὲὴίωῗ
497 3852 585 3995 1νί56.
607 3851 642 3914 ll.
672 3853 698 3914 l.
725 3873 752 3912 v.
787 3851 835 3912 62.
860 3870 927 3930 sqq.
953 3847 1061 3910 Juveu.
1088 3845 1153 3910 Sat,
1175 3847 1198 3909 l.

1008 4032 1028 4088 d
