2692 4666
104 1856 115 1885 ἱ,
143 1720 201 1857 E
224 1795 327 1858 variis
349 1795 487 1878 scriptis,
509 1816 589 1878 quae
618 1816 660 1860 ex
688 1799 879 1880 antiquitate
910 1804 1042 1863 servata
1070 1803 1207 1862 aetatem

143 1904 298 1981 tulerunt,
325 1905 448 1966 nullum
474 1905 572 1967 facile
602 1911 660 1983 est,
690 1906 772 1988 quod
798 1925 818 1968 a
844 1908 967 1969 renatis
997 1907 1072 1969 inde
1100 1906 1207 1970 literis

143 2030 215 2072 cum
233 2011 269 2073 in
290 2011 395 2089 ltalia,
416 2017 481 2074 tum
501 2011 536 2074 in
557 2010 732 2076 Germania
760 2018 927 2094 tantopere
955 2013 1207 2100 doctissimorum

144 2117 288 2180 virorum
309 2117 441 2199 ingenia
461 2118 643 2181 adverterit
663 2124 759 2201 atque
789 2119 982 2200 exercuerit,
1010 2124 1206 2201 quantopere

143 2223 311 2288 Rhetorici
338 2226 417 2289 libri
445 2227 486 2288 ad
520 2225 715 2289 Herennium
753 2226 876 2307 scripti.
918 2225 1115 2312 incredibile⁴
1145 2226 1209 2288 luit

143 2351 253 2395 eorum
280 2333 425 2411 studium,
453 2333 507 2414 qui
535 2332 629 2396 varia
650 2338 761 2396 aetate
779 2334 819 2396 de
840 2333 965 2396 incerto
986 2333 1075 2396 illius
1097 2333 1207 2414 operis

141 2447 274 2503 auctore
296 2441 497 2503 commentati
519 2446 600 2503 srmt
622 2440 852 2507 Discesserunt
873 2459 893 2503 a
914 2441 1109 2504 seinvicem
1132 2445 1165 2502 et
1186 2459 1207 2505 a

141 2548 323 2629 semetipsis
345 2547 478 2612 subinde
500 2547 729 2628 dissenserunt,
752 2548 806 2630 qui
832 2547 927 2629 primi
956 2547 991 2611 iu
1019 2553 1206 2611 controver-

74 2742 76 2746 .
141 2655 224 2719 siam
244 2673 312 2718 rem
334 2653 436 2717 adbuc
457 2655 667 2719 indubitatam
689 2657 893 2719 adducerent
928 2655 1017 2720 Nibil
1039 2656 1206 2738 quidquam
1321 2656 1323 2661 ’

140 2761 312 2825 videbatur
333 2762 477 2844 gravius,
499 2781 590 2845 quam
620 2782 715 2844 posse
743 2765 903 2846 proferre,
932 2763 1015 2845 quod
1043 2763 1084 2825 ad
1111 2782 1204 2844 supe-

138 2869 261 2931 riorum
288 2870 490 2952 diligentiam
518 2871 700 2950 adderetur,
729 2871 801 2934 sive
829 2871 864 2933 id
891 2870 932 2934 ad
959 2870 1204 2932 confirmandam

137 2982 301 3057 receptam
320 2977 414 3040 fidem
435 2980 572 3057 valeret,
593 2977 663 3040 sive
686 2977 727 3039 ad
753 2976 1006 3059 impugnandam.
1049 2971 1201 3057 Plerique
1288 2971 1290 2974 ⁴

138 3084 277 3164 partium
298 3083 402 3148 studio
424 3084 684 3162 incendebantur,
706 3088 741 3144 ut
762 3082 885 3165 aliquid
907 3084 965 3145 vel
989 3080 1077 3143 dubii
1096 3098 1203 3142 move-

75 3207 78 3212 ·
137 3195 223 3269 rent,
252 3192 308 3254 vel
336 3191 417 3254 certi
445 3191 693 3254 contenderent:
722 3208 840 3273 paucos
865 3187 979 3269 judicii
1007 3188 1153 3270 aequitas
1182 3205 1202 3249 a
1233 3188 1255 3221 Ρ

139 3298 323 3368 temeritate
346 3298 472 3360 alienos
495 3304 528 3361 et
558 3299 598 3361 ad
625 3298 813 3380 prudentem
840 3296 1093 3380 disquisitionem
1120 3313 1203 3359 com-

137 3404 261 3486 positos
281 3403 401 3468 babuit
424 3405 539 3474 urebat
560 3405 616 3483 ita,
633 3411 668 3466 ut
687 3405 760 3486 plus
782 3404 966 3467 certaminis
986 3402 1096 3482 bonos,
1109 3420 1202 3491 quam

139 3510 212 3572 veri
234 3530 330 3574 causa
351 3512 487 3590 valeret
507 3515 635 3593 utplus
656 3517 848 3590 moveretur,
878 3529 969 3593 quam
996 3494 1201 3591 promovere-

139 3623 207 3692 tur;
234 3618 369 3699 denique
396 3624 440 3697 ut,
469 3624 633 3699 postquam
660 3618 806 3700 plurimis
835 3617 1032 3699 maximeque
1060 3614 1199 3694 prolixis

139 3723 405 3806 disputationibus
432 3726 655 3788 controversia
675 3725 803 3808 penitus
830 3722 1001 3807 profligata
1025 3722 1199 3798 videretur,

140 3833 194 3915 qui
214 3832 343 3896 tandem
364 3834 572 3899 succederent
590 3833 775 3914 judicaturi,
797 3851 951 3914 suspenso
975 3828 1095 3908 judicio
1123 3826 1199 3890 bae-

140 3946 259 4004 rerent

1016 4036 1036 4095 1
