2692 4666
132 551 220 615 ldem
247 552 282 614 in
310 550 377 614 alia
405 551 617 631 disputatione
650 548 676 629 ¹)
703 551 911 631 peculiariter
940 556 972 614 et
1000 553 1125 616 erudite
1150 573 1191 618 ea

130 658 171 721 de
199 676 237 721 re
267 658 428 736 disseruit,
456 658 714 739 argumentisque
737 659 876 739 collatis,
897 678 977 741 quae
999 662 1192 725 sententiam

130 783 219 828 suom
239 763 439 846 adjuvarent,
460 766 500 828 de
522 784 602 828 vero
623 771 753 828 auctore
775 767 874 828 multo
896 767 1001 829 studio
1023 769 1191 849 quaesivit.

129 871 197 936 Sed
218 890 288 935 eum
309 873 403 935 varia
423 872 658 954 argumentatio
687 872 728 936 ad
758 872 868 935 varias
898 871 1098 953 conjecturas
1125 876 1192 957 opi-

129 980 289 1062 nandique
315 981 484 1044 leritatem
510 980 652 1059 adduxit,
678 987 714 1042 ut
742 980 869 1043 tandem
898 982 994 1062 plane
1023 981 1106 1045 nibil
1136 983 1192 1046 vel

131 1087 173 1149 de
194 1093 324 1150 auctore
346 1089 402 1151 vel
423 1088 462 1150 de
484 1094 591 1151 aetate
611 1088 766 1151 librorum
786 1089 870 1169 apud
893 1088 994 1169 ipsimi
1018 1096 1191 1153 constaret.

132 1197 282 1276 Namque
303 1195 445 1257 ademtos
473 1195 622 1259 Ciceroni
653 1195 755 1259 libros
791 1195 882 1257 modo
918 1195 1066 1276 virginio
1098 1198 1191 1275 liuto,

129 1301 221 1364 modo
242 1300 423 1380 Cornificio,
443 1303 534 1364 modo
556 1302 711 1376 Timolao,
726 1298 896 1366 'Zenobiae
918 1302 994 1382 filio,
1014 1303 1164 1384 prodidit.

193 1409 281 1471 llaec
301 1406 459 1471 fluctuans
480 1410 546 1472 viri
566 1409 652 1472 ratio
672 1409 751 1472 licet
772 1409 843 1491 ipsa
862 1408 946 1472 nibil
967 1411 1117 1474 commodi
1135 1411 1191 1475 ba

129 1518 232 1596 beret,
253 1522 360 1580 tamen
381 1518 496 1595 effecit,
517 1523 552 1580 ut
573 1519 613 1581 ad
641 1537 710 1580 eam
740 1535 808 1580 rem
838 1518 1018 1581 accuratius
1047 1520 1191 1582 conside-

130 1624 265 1687 randam
285 1625 377 1687 multi
399 1624 506 1689 studia
531 1629 769 1689 converterent.
811 1623 948 1688 Sublato
981 1625 1072 1707 quasi
1099 1627 1192 1709 signo

129 1732 212 1793 duae
242 1731 436 1794 eruditorum
462 1731 605 1795 familiae
634 1732 837 1809 exstiterunt,
866 1750 996 1813 quarum
1026 1735 1132 1796 altera
1159 1735 1195 1800 in

134 1839 336 1901 defendenda
367 1838 534 1904 Ciceronis
562 1840 761 1918 auctoritate,
788 1841 894 1902 altera
922 1839 958 1903 in
987 1842 1196 1922 oppugnanda

130 1947 220 2008 vires
248 1946 370 2028 ingenii
400 1949 558 2010 acerrima
592 1946 794 2010 contentione
820 1947 1073 2027 periclitabatur.
1115 1950 1194 2013 vix-

131 2055 204 2115 dum
224 2054 286 2115 illa
306 2054 401 2134 ltegii
422 2055 558 2118 audacia
581 2055 616 2118 in
644 2056 770 2124 Veneta
797 2053 930 2116 civitate
956 2057 1194 2135 percrebuerat,

131 2180 201 2223 cum
218 2158 286 2238 ejus
308 2161 495 2240 institutum,
512 2180 630 2224 summa
651 2179 726 2222 usus
747 2160 962 2223 conviciorum
983 2160 1124 2240 licentia,
1140 2181 1196 2225 ex·
1318 2235 1321 2243 ⁸

133 2265 285 2328 sibilaret
313 2261 474 2328 Marinus
500 2261 718 2330 Becicbernns
749 2261 962 2328 scodrensis
1005 2266 1136 2330 Publice
1165 2267 1195 2330 is

128 2371 306 2434 orationem
327 2369 448 2451 babuit,
465 2391 527 2475 qua
547 2377 669 2434 tantum
689 2356 753 2433 non
773 2371 854 2434 diris
872 2371 1013 2451 devovit,
1033 2373 1086 2454 qui
1104 2380 1196 2439 tauta
1231 2361 1234 2367 ¹

130 2481 330 2542 exsultasset
349 2478 548 2561 arrogantia,
570 2484 606 2540 ut
626 2479 806 2560 sacrilegas
825 2497 937 2542 manus
958 2478 1122 2543 Tullianis
1142 2500 1194 2544 re-

132 2586 243 2667 liquiis
282 2583 455 2667 injecisset.
503 2586 648 2668 Longam
683 2592 716 2648 et
753 2586 901 2648 acerbam
936 2587 1191 2670 disputationem,

128 2712 209 2774 quae
231 2698 380 2773 superest
400 2690 437 2772 ²),
458 2698 492 2755 et
513 2690 884 2758 Ciceronis‘vindicibus
910 2700 1059 2777 tanquam
1080 2697 1192 2759 funda

127 2806 265 2862 mentmn
286 2800 497 2882 singularium
524 2800 780 2882 disquisitionum
806 2802 877 2879 fuit,
907 2819 1025 2883 operae
1055 2804 1192 2884 pretium

130 2913 181 2970 est
201 2909 323 2989 legere,
344 2912 380 2969 ut
401 2907 564 2970 commotio
586 2908 760 2970 animorum
784 2914 904 2989 quanta
932 2912 1019 2969 esset
1048 2929 1085 2970 eo
1114 2914 1192 2972 tem-

127 3035 214 3098 pore,
236 3035 296 3098 quo
318 3035 387 3077 rem
407 3021 472 3078 tam
493 3016 663 3098 ancipitem
684 3035 779 3079 uersus
809 3021 882 3078 erat
910 3015 1040 3096 Regius,
1067 3017 1190 3098 perspi-

130 3124 246 3186 ciatur.
274 3125 312 3186 ln
332 3122 512 3188 Becicbemi
533 3130 638 3187 autem
657 3130 769 3207 partes
788 3124 880 3186 multi
900 3122 1015 3185 deinde
1037 3122 1214 3227 discesse-q.

127 3235 212 3309 runt,
240 3227 365 3294 lione
392 3227 624 3294 Moturmdius
659 3236 693 3293 et
730 3224 853 3294 Antea.
886 3224 1114 3293 Macomades
1147 3229 1187 3311 ³),

165 3400 188 3476 Ι)
216 3397 323 3458 utam
343 3417 399 3456 are
417 3380 517 3457 'aaa
544 3397 588 3458 aa
617 3397 692 3457 ue.
721 3396 969 3474 coacescat
998 3399 1190 3462 saeuam.

208 3477 319 3544 Venet.
342 3479 430 3539 1492.
451 3478 581 3560 Scripsit
602 3480 693 3540 etiam
712 3478 910 3540 Probtmucto
931 3481 965 3539 in
991 3479 1093 3553 Quint.
1118 3480 1190 3544 lust.

207 3561 315 3623 Venet.
339 3561 428 3631 1191,
449 3564 479 3623 in
500 3562 610 3640 quibus
640 3560 766 3623 Timolai
793 3561 833 3622 ad
858 3561 1077 3624 Herennianum
1107 3584 1185 3624 men-

122 3659 125 3667 ·
207 3645 319 3705 tionem
340 3644 420 3706 lecit.
442 3643 488 3704 cf.
509 3642 609 3706 Burm.
631 3644 721 3706 Ceus.
744 3664 773 3724 p.
798 3644 843 3705 13.
870 3664 947 3726 sqq,
973 3644 1187 3706 Westermann

159 3812 186 3889 ²)
206 3725 333 3870 lddilect.
354 3811 532 3870 commenti.
555 3811 585 3868 in
607 3810 667 3870 Cic
690 3809 728 3870 de
749 3815 813 3871 arte
833 3808 925 3870 Rbet
944 3807 1046 3871 libros
1074 3807 1187 3870 Exstat

206 3893 318 4033 pariter
339 3895 368 3952 io
389 3892 487 3971 Epist.
509 3890 648 3962 Quaestt.
671 3912 696 3951 c.
717 3892 767 3952 39.
788 3890 833 3952 Cf.
849 3891 987 3955 Burman.
1006 3891 1061 3952 11
1084 3911 1113 3972 p
1138 3890 1189 3954 13.

157 3975 185 4055 ³)
221 3995 240 4034 n
259 3973 435 4037 Rhetoricis
456 3973 495 4034 ad
516 3973 644 4036 Horcon
667 3974 762 4054 bugd.
786 3972 877 4034 1513.
