2692 4666
542 286 841 407 ‚ww-2

197 515 316 576 ecrcnt
343 512 563 588 Quaecumque
581 507 684 588 igitur
704 507 844 569 recentis
863 507 1035 572 memoriae
1053 507 1188 588 scripta,
1199 525 1260 571 ex-

194 618 331 694 stabant,
359 615 461 697 magio
496 614 659 695 magisque
689 614 902 679 advertebant
928 608 1088 677 bominum
1117 614 1259 691 animum

195 723 326 806 legendi
347 721 619 804 cognoscendique
641 721 778 784 studium
806 721 954 800 invaluit,
982 726 1016 784 et
1042 720 1096 804 qui
1123 720 1269 803 iugenio·

197 831 315 897 ceteris
336 832 553 912 praestabant,
574 818 862 893 distribuendorum
887 829 1068 906 carminum,
1094 834 1191 910 atque
1222 828 1261 893 in

191 941 312 1005 carim
331 937 474 1002 ordinem
495 936 749 1017 redigendormu‚
771 954 831 1016 quo
859 940 969 998 essent
994 934 1131 1017 publicis
1161 952 1259 1016 prac-

192 1043 384 1110 lectionibur
414 1045 549 1126 aptiora,
575 1043 728 1108 communi
748 1041 883 1133 consilio
903 1042 1064 1106 rationem
1084 1042 1257 1123 quaesive-

190 1157 274 1215 runt.
296 1151 352 1216 Sic
372 1150 487 1215 Naevii
508 1151 634 1213 bellum
654 1148 814 1227 Punicum,
841 1168 903 1212 uno
932 1149 1094 1212 volumine
1120 1153 1154 1212 et
1180 1167 1244 1212 con

189 1258 306 1327 tinenti
333 1257 493 1340 scriptura
520 1256 707 1337 expositum,
734 1255 887 1319 Octavius
920 1255 1094 1336 Lampadio
1120 1254 1155 1321 in
1183 1273 1233 1318 oc¹

120 1368 132 1378 ’
193 1370 258 1433 tem
278 1365 381 1431 libros
403 1362 517 1428 divisit
540 1361 575 1441 ¹).
619 1365 686 1438 Quo
706 1362 809 1444 magio
829 1368 933 1428 autem
953 1361 1033 1428 boec
1053 1361 1161 1427 studia
1224 1390 1226 1397 s

192 1477 318 1550 verunt,
345 1469 566 1552 celebriorque
594 1469 636 1533 ad
664 1468 821 1534 audienda
847 1475 1012 1551 poctarmn
1040 1487 1140 1552 opera
1166 1487 1208 1535 au

194 1584 297 1643 torum
324 1594 443 1640 corona
468 1573 654 1654 continebat,
682 1593 719 1637 eo
739 1575 847 1654 ,major
873 1575 908 1642 in
936 1576 1122 1642 docentibus
1149 1584 1208 1642 arf
1251 1622 1261 1654 ‚

193 1703 231 1749 co
252 1682 440 1765 diligentior
461 1682 495 1746 iu
515 1687 605 1746 recta
626 1681 845 1746 universorum
874 1683 1047 1748 carminum
1065 1701 1147 1766 prou
1177 1709 1180 1737 ι

194 1790 290 1868 tione,
317 1789 592 1870 interpretatione,
621 1790 828 1854 enarratione
856 1809 942 1856 cura.
992 1791 1054 1865 Qui
1088 1789 1150 1854 boe
1190 1826 1192 1841 ·
1246 1816 1250 1845 τ

193 1916 293 1979 opera
319 1897 518 1975 factitabant,
547 1895 661 1988 quippe
696 1897 892 1977 interpretes
924 1903 1099 1978 poetarum,
1131 1894 1156 1961 Γ
1178 1938 1190 1949 ι»
1247 1900 1262 1964 t

194 2005 439 2086 appellabantur
461 2002 498 2084 ²).
541 2004 617 2070 nuit
642 2003 695 2070 bic
722 2005 814 2068 velut
840 2003 996 2068 sccundus
1033 2004 1189 2086 gradun,
1247 2032 1251 2059 ι

194 2110 408 2178 Grammatica
441 2111 572 2194 antiqua
608 2112 760 2190 escendit,
791 2113 972 2192 ostendeus,
1005 2112 1189 2195 quemadm'
1237 2140 1251 2165 u

194 2221 338 2303 quodque
359 2223 455 2301 poeta
475 2219 608 2284 tinxerit
628 2207 767 2298 verbum,
794 2218 998 2297 confinxerit,
1026 2217 1182 2284 declinari
1251 2264 1260 2282 .

195 2327 352 2410 Antiquae
374 2327 570 2391 Graecorum
590 2326 728 2404 fabulae,
750 2343 879 2405 quarum
901 2332 1088 2407 argumenta
1107 2327 1142 2393 iu
1214 2325 1275 2411 ii,

195 2434 292 2501 llnnii
319 2432 517 2512 aliorumque
538 2432 691 2513 poematis
722 2432 903 2512 exstabant,
937 2433 1190 2515 explicabantur
1219 2452 1261 2499 ac

196 2541 336 2603 fortasse
365 2537 518 2603 Cratotea
544 2539 628 2603 ratio
654 2539 803 2617 invaluit,
831 2540 1008 2620 llomerum,
1041 2542 1077 2606 iu
1105 2561 1165 2625 quo
1239 2560 1259 2606 e

201 2644 249 2709 sic
268 2642 483 2721 habitaverat,
505 2649 540 2706 ut
560 2643 600 2708 ab
627 2642 687 2708 boc
715 2643 819 2711 studio
846 2646 1124 2728 cognominaretur
1149 2647 1204 2716 lle,
1229 2667 1263 2711 e-

199 2751 295 2830 ricus,
328 2749 508 2830 allegorica
546 2750 672 2817 ratione
712 2752 955 2834 interpretandi.
995 2754 1085 2820 bivii
1115 2754 1203 2831 0dy

199 2859 376 2932 Homerica,
406 2876 496 2940 quam
529 2861 662 2923 lloratio
699 2858 800 2922 adhuc
826 2879 924 2942 puero
953 2861 1097 2925 Orbilius
1125 2880 1186 2926 ena
1214 2842 1219 2920 ᾗ

236 3026 261 3106 ¹)
283 3024 368 3088 Suet
389 3023 409 3086 l.
435 3023 455 3086 Ι.
485 3023 588 3105 ibique
619 3023 826 3096 Cnsaubonus,
853 3017 1119 3106 qui‘Graecorum
1148 3045 1233 3088 mor:

283 3127 350 3168 cum
370 3105 572 3168 Rornanorum
593 3107 715 3170 conlert.
743 3106 842 3169 Recte
871 3113 970 3169 autam
1003 3107 1153 3190 Suriugar.
1181 3107 1238 3169 ff:

283 3188 356 3251 Crit.
378 3186 538 3255 Scholiast.
559 3187 640 3253 lun
661 3189 731 3253 Vol.
753 3194 776 3253 l.
797 3210 826 3270 p.
848 3190 902 3251 58:
929 3191 1113 3272 interpunctas
1138 3189 1193 3262 att,
1324 3268 1326 3272 .

283 3272 393 3350 neporu'
414 3290 476 3332 non
501 3279 600 3353 queat,
626 3274 712 3352 preca
736 3274 770 3333 in
794 3275 920 3334 istorum
944 3281 1107 3354 poctarum
1141 3275 1224 3354 scrip
1253 3276 1263 3340 ζ

283 3353 525 3430 interpretandis
546 3374 607 3415 aon
627 3354 703 3418 cubil
723 3375 835 3434 meroe
857 3355 1032 3427 collocasse,
1058 3377 1100 3417 on
1120 3377 1150 3417 cr
1209 3359 1247 3409 ἰ»
1259 3350 1271 3416 i

285 3455 364 3516 qnae
386 3433 524 3513 legerint,
545 3439 670 3517 sepas
691 3440 913 3499 comnrentarn's
933 3442 1126 3520 interpretati
1140 3439 1269 3519 fitoiaa

285 3537 478 3597 connuncupare
499 3519 593 3581 dnbio
612 3539 662 3578 res
683 3527 736 3580 est.
762 3521 913 3600 Dpnidern
933 3523 1115 3584 crediderim
1141 3521 1197 3583 bos
1221 3519 1276 3583 in·

284 3607 433 3680 torporem
467 3609 708 3681 anapaoctoenrn
741 3605 839 3683 mepte
869 3625 959 3687 qucum
993 3604 1266 3668 Gmnnnuticorum

280 3703 403 3744 tumuere
419 3686 543 3762 [intactos
565 3704 638 3748 csse.

232 3768 259 3842 ²)
280 3765 365 3830 Suet
386 3765 406 3829 l.
428 3766 446 3828 l.
1192 3804 1203 3822 .»

233 3848 257 3924 ³)
278 3847 377 3909 Varro
404 3848 443 3912 dc
463 3847 499 3912 la
519 3847 555 3910 la
577 3847 616 3912 V.
638 3849 666 3911 7.
700 3848 745 3912 Cf.
776 3850 837 3912 Cic
870 3851 908 3912 dc
934 3851 1004 3915 niv.
1026 3857 1050 3916 l.
1080 3853 1127 3919 18.
1155 3853 1236 3959 *a

283 3928 385 4002 Quint
407 3936 446 3996 ll.
469 3933 496 3995 5.
518 3933 580 3994 init.
1138 3940 1173 4007 ἶ,
1300 3976 1305 3982 ›

1093 4056 1110 4075 ,ι
1240 4040 1245 4051 ’
1262 4042 1291 4079 ,a
