2692 4666
336 1011 392 1092 R
418 1011 460 1092 θ
486 1011 536 1093 V
560 1011 609 1091 E
631 1010 691 1105 R
715 1012 751 1094 S
774 1013 808 1093 Ι
834 1012 907 1106 θ,

118 1176 220 1284 v1ao
243 1217 506 1316 cooarssmo,
529 1214 793 1284 cousoomuo
813 1214 1118 1284 oroucrrssnuo

536 1415 572 1482 S.
591 1417 631 1481 Ρ.
652 1389 701 1481 o.'

289 1616 340 1698 ι.
371 1615 424 1698 s.
454 1614 507 1697 c.
537 1611 650 1696 vlu
679 1610 930 1722 uunsou.

535 1854 699 1866 unu—n.-

85 2066 223 2201 Seram
242 2137 418 2218 miraberis,
440 2140 556 2222 optime
576 2141 723 2221 lloversi,
750 2139 843 2221 hujus
864 2140 942 2203 libri
963 2138 1141 2216 elitioiem,

83 2289 175 2351 quam
196 2274 230 2331 ut
251 2275 449 2351 maturarem,
471 2240 572 2337 amice
597 2292 647 2336 me
669 2272 796 2355 saepius
818 2272 1034 2356 alacriterque
1053 2287 1141 2335 more

83 2410 136 2465 tuo
158 2403 305 2466 hortatus
328 2424 371 2467 es.
415 2406 555 2488 Obsequi
574 2412 682 2471 tumen
701 2407 846 2471 hortanti
866 2407 926 2471 tibi
947 2390 1152 2505 verecuntlass¹
1274 2450 1276 2455 ⁴

83 2539 150 2616 bar,
172 2538 331 2624 sollicitus
352 2558 393 2602 ne
415 2539 490 2622 qnid
509 2540 676 2623 imProvisi
695 2560 755 2604 nec
777 2540 857 2605 satis
885 2539 1003 2602 tentati
1030 2498 1169 2620 exulo-⁸¹1

83 2671 209 2751 ratique
231 2672 418 2733 emitterem.
450 2648 571 2754 ltaque,
595 2692 654 2755 qno
671 2671 785 2753 judicii
806 2673 1014 2752 severitatem
1035 2671 1140 2733 minus

83 2800 234 2880 timerem,
261 2801 464 2883 irrdnlgebam
499 2801 686 2865 emendandi
720 2806 754 2864 et
781 2801 966 2884 expoliendi
994 2801 1140 2879 consilio,

82 2933 256 2995 cunctando
277 2932 383 3014 potius
403 2951 480 3012 rem,
501 2936 536 2995 ut
556 2931 624 3012 ille,
644 2930 828 3011 restituere,
843 2950 934 3014 quam
953 2931 1136 2994 festinando

80 3064 216 3144 perdere
238 3065 378 3145 cupiens
420 3067 596 3128 Praeterea
623 3082 711 3144 vero,
741 3064 887 3146 qnoniam
911 3029 971 3126 lice
1000 3068 1035 3125 tu
1062 3059 1142 3125 milri

79 3196 202 3277 petenti
223 3214 436 3275 concesseras,
467 3201 501 3258 ut
531 3200 623 3278 quam
652 3200 706 3257 tuo
730 3194 851 3276 jndicio
880 3213 1009 3277 operam
1036 3192 1140 3275 subje-

80 3326 200 3405 cissem,
223 3327 354 3390 eandem
374 3327 499 3390 nomine
520 3332 576 3390 tuo
598 3327 842 3391 commendatam
863 3327 997 3407 ederem,
1017 3294 1151 3423 facien-¹

80 3459 151 3521 dum
172 3458 248 3521 mihi
269 3459 446 3540 putarint
467 3460 630 3542 aliquanto
651 3460 796 3524 ornatior
825 3460 1060 3542 spectatiorquc
1087 3461 1137 3522 fu-

76 3590 142 3651 turi
163 3591 290 3670 patroni
311 3590 448 3670 gratiam
469 3587 531 3652 sibi
553 3590 749 3653 conciliaret.
786 3590 993 3665 Quamobrem
1012 3588 1138 3670 longio-

75 3739 151 3798 rem,
165 3738 246 3800 quae
268 3718 471 3800 scriptionem
489 3718 568 3783 libri
587 3719 675 3782 iuter
694 3725 728 3782 et
749 3718 919 3783 editionem
939 3717 1132 3798 intercessit,

74 3868 193 3913 moram
214 3868 283 3912 cum
307 3850 473 3913 consilium
495 3850 561 3913 tum
582 3849 723 3912 amicitia
742 3845 1029 3931 interposueruu‘t3¹
1066 3867 1135 3914 eam

75 3987 179 4045 autem
199 3987 235 4045 ut
255 3981 505 4065 aequibonique
527 3982 685 4061 consulas,
706 3979 941 4063 optatissimum.
954 3977 1031 4044 mibi
1053 3985 1120 4046 est·
