2692 4666
199 521 364 587 dialectici
384 520 546 603 elocroydc,
565 528 638 603 tum,
659 525 733 607 quin
754 525 788 588 in
808 525 908 608 primo
929 525 991 608 met
1009 522 1170 609 dte-pedm
1195 525 1265 590 dla-

200 629 340 707 cendum,
369 648 449 712 quae
475 631 520 697 bl
546 632 650 694 Varro
679 631 761 696 alias
789 628 937 714 profata,
965 631 1048 695 alias
1082 626 1266 716 proloquia

200 737 352 820 appellat,
373 738 630 802 commentarium
651 739 691 802 de
711 739 888 821 proloquiis
910 740 948 802 la
968 737 1062 818 Aelii,
1090 737 1177 802 docti
1203 736 1263 803 bo·

201 845 305 923 minis,
326 846 380 928 qui
408 847 563 928 magister
588 847 745 910 Varronis
771 847 842 926 luit,
870 845 1011 909 studiose
1039 845 1264 928 quaesivimus,

201 968 332 1033 eumque
360 951 394 1014 in
424 951 519 1015 Pacis
545 951 741 1016 bibliotheca
767 957 927 1032 repertum
954 951 1099 1033 legimus.
1141 950 1209 1016 seu
1227 951 1263 1015 in

200 1075 240 1121 eo
260 1056 343 1122 nihil
363 1058 542 1137 edocenter,
563 1058 719 1140 nequead
730 1057 956 1121 instituendum
972 1060 1147 1140 explanate
1160 1057 1262 1139 scrip-

199 1171 265 1228 tun
286 1172 344 1245 est,
364 1166 543 1249 fecisseque
564 1166 693 1229 videtur
715 1185 784 1228 eum
805 1166 922 1228 librum
943 1163 1054 1228 delius
1080 1165 1132 1229 sui
1145 1165 1261 1248 „magis

199 1272 397 1351 admonendi,
424 1291 516 1354 quam
544 1273 679 1335 aliorum
713 1271 848 1334 docendi
875 1270 1010 1353 gratit.“
1050 1272 1104 1359 lix
1123 1272 1260 1352 ratione,

199 1398 262 1462 qua
275 1379 402 1442 Gellius
424 1380 463 1442 de
476 1378 537 1441 hoc
550 1379 635 1441 libro
652 1377 784 1458 judicat,
801 1379 899 1442 facile
915 1377 1122 1461 assequimur,
1136 1377 1262 1443 Aelium

199 1487 333 1568 primum
353 1486 387 1548 in
408 1485 468 1548 hoc
490 1485 678 1549 dialecticae
694 1491 880 1568 argumento
895 1487 1089 1564 elaborasse,
1102 1492 1169 1550 tum
1184 1504 1263 1550 vero

200 1593 316 1671 exiis,
337 1610 418 1673 quae
440 1592 544 1656 addit:
565 1593 733 1673 „Redimus
755 1592 855 1675 igitur
876 1593 1061 1656 necessario
1091 1592 1133 1655 ad
1161 1592 1263 1657 (irae-

198 1717 254 1762 oos
274 1698 395 1761 libros“
421 1705 518 1780 patet,
544 1718 608 1763 non
636 1701 732 1764 valde
763 1698 927 1763 materiam
956 1718 1026 1762 eam
1052 1699 1264 1781 possesion-

197 1804 312 1869 stndiis
333 1807 567 1889 frequentatam
589 1825 670 1870 esse.
692 1807 841 1872 Ceterum
862 1806 944 1869 nibil
965 1823 1097 1888 prorsus
1119 1805 1160 1869 de
1182 1824 1264 1870 oom-

198 1914 355 1977 nantario
376 1912 436 1978 boo
456 1914 591 1978 Aeliano
612 1915 770 1998 proditum
792 1906 850 1993 est,
871 1933 973 1997 neque
992 1915 1175 1996 fragmenta
1194 1911 1263 1994 ejus

198 2019 358 2084 rationem
392 2021 567 2084 declarant
610 2023 725 2099 Quare,
753 2026 856 2084 utrum
884 2017 1056 2101 Chrysippi
1087 2022 1265 2091 detescas&

199 2125 275 2209 ὅροις
299 2123 334 2206 ¹),
356 2145 397 2189 an
419 2126 495 2190 aliis
516 2127 696 2191 Stoicorum
716 2125 811 2189 libris
831 2124 866 2188 in
894 2142 932 2186 eo
960 2123 1157 2187 condolendo
1186 2142 1263 2188 usus

199 2234 251 2313 sit,
273 2234 464 2316 ignoramus.
885 2289 887 2293 Α
1226 2243 1234 2283 l

259 2339 561 2429 Elymolopicomm
581 2342 769 2423 fragmenta,
788 2345 919 2422 praeter
941 2357 989 2420 ea,
1003 2357 1083 2422 qnae
1104 2338 1147 2403 nd
1167 2354 1263 2402 saera

194 2450 368 2531 pertinent,
402 2449 469 2512 alia
498 2466 620 2531 quoque
656 2447 872 2521 inveniuntur,
905 2462 987 2530 qnae
1022 2447 1080 2509 rel
1113 2445 1262 2511 obsoleta

196 2556 307 2634 verbs,
329 2557 385 2619 vel
406 2555 525 2618 usitata
547 2560 700 2638 spectant.
740 2553 880 2617 Difficile
913 2560 971 2634 est,
999 2573 1038 2617 es
1067 2553 1116 2616 sic
1141 2553 1259 2617 distin-

194 2677 304 2741 guere,
326 2665 361 2722 ut
381 2659 422 2722 ad
443 2659 537 2722 sedes
558 2677 700 2742 quaeque
721 2677 796 2722 suas
817 2665 1018 2722 revocentur.
1040 2660 1135 2723 Prius
1153 2678 1260 2742 genus

195 2785 304 2830 eorum
324 2765 408 2830 baud
428 2766 523 2829 dubie
544 2767 686 2850 pertinet
713 2767 754 2831 ad
781 2767 1078 2849 interpretationem
1104 2766 1262 2849 antiquis·

195 2874 345 2941 morum
372 2875 570 2956 scriptorum,
604 2874 675 2937 sive
709 2880 882 2955 poetarum,
915 2875 986 2938 sive
1019 2874 1259 2950 historicorum

197 2983 360 3065 posterius
381 2985 521 3045 fortasse
543 2982 584 3044 ad
610 3001 800 3045 communem
826 2983 943 3046 librum
970 2981 1174 3046 referendum
1188 2987 1260 3061 est,

196 3109 258 3172 quo
279 3091 319 3154 de
340 3089 627 3172 significationibus
648 3089 819 3153 verborum
840 3109 898 3152 usu
924 3096 1125 3172 receptorum
1146 3094 1260 3152 auctor

197 3198 317 3278 egerit:
346 3197 599 3280 quemadmodum
626 3196 790 3262 Cornificii
822 3194 1015 3281 lltymorum
1042 3194 1118 3261 libri
1144 3214 1260 3260 memo-

195 3309 310 3367 rantur
331 3302 369 3384 ²).

260 3411 403 3475 Tandem
424 3413 507 3494 apud
528 3411 758 3477 Grammaticos
776 3408 803 3492 ³)
817 3410 983 3474 iuvenitur
998 3407 1082 3473 Aelii
1096 3410 1259 3473 sententia

193 3518 234 3584 de
255 3520 360 3598 rebus,
381 3537 461 3601 quae
477 3519 518 3582 ad
531 3519 774 3584 Grammaticani
791 3525 893 3583 artem
905 3517 1077 3601 pertinent
1106 3515 1257 3599 Suspica-

230 3724 256 3801 ἓ)
277 3713 323 3784 Cf.
342 3719 430 3803 Diog.
452 3721 553 3786 Laert
574 3721 645 3787 Vll.
666 3722 715 3784 65.
736 3723 837 3802 ibique
857 3718 1026 3803 Menagiua

225 3806 251 3882 ²)
271 3802 405 3867 Maerob.
426 3802 492 3868 sac
514 3808 538 3869 l.
559 3805 588 3868 9.
608 3806 740 3885 saepius.

231 3885 443 4033 wilgiso
465 3885 552 3952 Char.
577 3889 606 3949 iu
628 3885 769 3949 Putselrii
790 3883 920 3950 (inomni
942 3886 1009 3948 lmt.
1030 3883 1133 3949 Acco.
1155 3904 1185 3967 p.
1205 3886 1257 3984 Ι64.
