<?xml version="1.0" encoding="UTF-8"?>
<!DOCTYPE html PUBLIC "-//W3C//DTD XHTML 1.0 Transitional//EN"
    "http://www.w3.org/TR/xhtml1/DTD/xhtml1-transitional.dtd">
<html xmlns="http://www.w3.org/1999/xhtml" xml:lang="en" lang="en">
 <head>
  <title>
</title>
<meta http-equiv="Content-Type" content="text/html;charset=utf-8" />
  <meta name='ocr-system' content='tesseract 3.04.00' />
  <meta name='ocr-capabilities' content='ocr_page ocr_carea ocr_par ocr_line ocrx_word'/>
</head>
<body>
  <div class='ocr_page' id='page_1' title='image "./disquisitiodela00claugoog_0034.png"; bbox 0 0 2692 4666; ppageno 0'>
   <div class='ocr_carea' id='block_1_1' title="bbox 444 358 795 437">
    <p class='ocr_par' dir='ltr' id='par_1_1' title="bbox 444 358 795 437">
     <span class='ocr_line' id='line_1_1' title="bbox 444 358 795 437; baseline 0.028 -40"><span class='ocrx_word' id='word_1_1' title='bbox 444 358 795 437; x_wconf 27' lang='lat'>..-12-</span> 
     </span>
    </p>
   </div>
   <div class='ocr_carea' id='block_1_2' title="bbox 143 526 1208 1129">
    <p class='ocr_par' dir='ltr' id='par_1_2' title="bbox 143 526 1208 1129">
     <span class='ocr_line' id='line_1_2' title="bbox 155 526 1208 611; baseline 0.005 -18"><span class='ocrx_word' id='word_1_2' title='bbox 155 526 379 607; x_wconf 69' lang='lat' dir='ltr'><strong>mmmmm,</strong></span> <span class='ocrx_word' id='word_1_3' title='bbox 400 531 454 611; x_wconf 79' lang='lat' dir='ltr'><strong>pru</strong></span> <span class='ocrx_word' id='word_1_4' title='bbox 481 535 589 594; x_wconf 85' lang='lat' dir='ltr'><strong>aetate</strong></span> <span class='ocrx_word' id='word_1_5' title='bbox 616 530 781 596; x_wconf 80' lang='lat' dir='ltr'><strong>Ciceronis</strong></span> <span class='ocrx_word' id='word_1_6' title='bbox 801 535 930 597; x_wconf 83' lang='lat' dir='ltr'><strong>naviter</strong></span> <span class='ocrx_word' id='word_1_7' title='bbox 950 535 1068 598; x_wconf 79' lang='lat' dir='ltr'><strong>Itomae</strong></span> <span class='ocrx_word' id='word_1_8' title='bbox 1095 533 1208 598; x_wconf 85' lang='lat' dir='ltr'><strong>Gram-</strong></span> 
     </span>
     <span class='ocr_line' id='line_1_3' title="bbox 146 634 1204 722; baseline 0.003 -23"><span class='ocrx_word' id='word_1_9' title='bbox 146 637 280 701; x_wconf 75' lang='lat' dir='ltr'><strong>maticac</strong></span> <span class='ocrx_word' id='word_1_10' title='bbox 299 654 428 717; x_wconf 84' lang='lat' dir='ltr'><strong>operam</strong></span> <span class='ocrx_word' id='word_1_11' title='bbox 449 634 545 716; x_wconf 78' lang='lat' dir='ltr'><strong>dedit,</strong></span> <span class='ocrx_word' id='word_1_12' title='bbox 565 639 728 720; x_wconf 80' lang='lat' dir='ltr'>ipsiusque</span> <span class='ocrx_word' id='word_1_13' title='bbox 755 639 921 704; x_wconf 80' lang='lat' dir='ltr'><strong>ciceronis</strong></span> <span class='ocrx_word' id='word_1_14' title='bbox 952 641 1107 722; x_wconf 83' lang='lat' dir='ltr'><strong>magister</strong></span> <span class='ocrx_word' id='word_1_15' title='bbox 1134 641 1204 704; x_wconf 89' lang='lat' dir='ltr'><strong>fuit.</strong></span> 
     </span>
     <span class='ocr_line' id='line_1_4' title="bbox 145 742 1201 825; baseline 0.003 -17"><span class='ocrx_word' id='word_1_16' title='bbox 145 743 207 808; x_wconf 81' lang='lat' dir='ltr'><strong>Seri</strong></span> <span class='ocrx_word' id='word_1_17' title='bbox 227 742 313 807; x_wconf 78' lang='lat' dir='ltr'><strong>hanc</strong></span> <span class='ocrx_word' id='word_1_18' title='bbox 334 744 405 806; x_wconf 90' lang='lat' dir='ltr'><strong>sive</strong></span> <span class='ocrx_word' id='word_1_19' title='bbox 427 744 625 822; x_wconf 84' lang='lat' dir='ltr'><strong>sententiam,</strong></span> <span class='ocrx_word' id='word_1_20' title='bbox 648 742 718 808; x_wconf 84' lang='lat' dir='ltr'><strong>sive</strong></span> <span class='ocrx_word' id='word_1_21' title='bbox 740 745 953 825; x_wconf 88' lang='lat' dir='ltr'><strong>conjecturam</strong></span> <span class='ocrx_word' id='word_1_22' title='bbox 975 754 1009 810; x_wconf 95' lang='lat' dir='ltr'><strong>ut</strong></span> <span class='ocrx_word' id='word_1_23' title='bbox 1036 754 1125 811; x_wconf 91' lang='lat' dir='ltr'><strong>recte</strong></span> <span class='ocrx_word' id='word_1_24' title='bbox 1154 750 1201 811; x_wconf 90' lang='lat' dir='ltr'><strong>le-</strong></span> 
     </span>
     <span class='ocr_line' id='line_1_5' title="bbox 144 851 1205 936; baseline 0.005 -22"><span class='ocrx_word' id='word_1_25' title='bbox 144 851 293 933; x_wconf 77' lang='lat' dir='ltr'><strong>gentibus</strong></span> <span class='ocrx_word' id='word_1_26' title='bbox 323 851 529 932; x_wconf 79' lang='lat' dir='ltr'><strong>explicemus,</strong></span> <span class='ocrx_word' id='word_1_27' title='bbox 550 852 674 914; x_wconf 89' lang='lat' dir='ltr'><strong>initium</strong></span> <span class='ocrx_word' id='word_1_28' title='bbox 695 853 928 936; x_wconf 83' lang='lat' dir='ltr'><strong>disquisitionis</strong></span> <span class='ocrx_word' id='word_1_29' title='bbox 949 861 1079 918; x_wconf 89' lang='lat' dir='ltr'><strong>nostrae</strong></span> <span class='ocrx_word' id='word_1_30' title='bbox 1101 857 1145 919; x_wconf 89' lang='lat' dir='ltr'><strong>sit</strong></span> <span class='ocrx_word' id='word_1_31' title='bbox 1165 857 1205 921; x_wconf 79' lang='lat' dir='ltr'><strong>ab</strong></span> 
     </span>
     <span class='ocr_line' id='line_1_6' title="bbox 143 958 1204 1045; baseline 0.006 -25"><span class='ocrx_word' id='word_1_32' title='bbox 143 959 268 1040; x_wconf 79' lang='lat' dir='ltr'><strong>origine</strong></span> <span class='ocrx_word' id='word_1_33' title='bbox 291 964 325 1020; x_wconf 88' lang='lat' dir='ltr'><strong>et</strong></span> <span class='ocrx_word' id='word_1_34' title='bbox 340 972 519 1038; x_wconf 74' lang='lat' dir='ltr'><strong>&#39;progressu</strong></span> <span class='ocrx_word' id='word_1_35' title='bbox 540 958 745 1023; x_wconf 80' lang='lat' dir='ltr'><strong>Grammatici</strong></span> <span class='ocrx_word' id='word_1_36' title='bbox 767 966 799 1022; x_wconf 94' lang='lat' dir='ltr'><strong>et</strong></span> <span class='ocrx_word' id='word_1_37' title='bbox 816 958 982 1025; x_wconf 82' lang='lat' dir='ltr'><strong>Rhetorici</strong></span> <span class='ocrx_word' id='word_1_38' title='bbox 1003 962 1100 1026; x_wconf 86' lang='lat' dir='ltr'><strong>studii</strong></span> <span class='ocrx_word' id='word_1_39' title='bbox 1121 963 1204 1045; x_wconf 85' lang='lat' dir='ltr'><strong>apud</strong></span> 
     </span>
     <span class='ocr_line' id='line_1_7' title="bbox 144 1065 1182 1129; baseline 0.002 -1"><span class='ocrx_word' id='word_1_40' title='bbox 144 1065 312 1129; x_wconf 79' lang='lat' dir='ltr'><strong>Romanos</strong></span> <span class='ocrx_word' id='word_1_41' title='bbox 1174 1091 1182 1098; x_wconf 67' lang='grc'><em>’</em></span> 
     </span>
    </p>
   </div>
   <div class='ocr_carea' id='block_1_3' title="bbox 508 1244 840 1312">
    <p class='ocr_par' dir='ltr' id='par_1_3' title="bbox 508 1244 840 1312">
     <span class='ocr_line' id='line_1_8' title="bbox 508 1244 840 1312; baseline -0.003 -2"><span class='ocrx_word' id='word_1_42' title='bbox 508 1244 727 1311; x_wconf 80' lang='lat' dir='ltr'>CAPUT</span> <span class='ocrx_word' id='word_1_43' title='bbox 770 1250 840 1312; x_wconf 85' lang='lat'>111.</span> 
     </span>
    </p>
   </div>
   <div class='ocr_carea' id='block_1_4' title="bbox 200 1422 1142 1620">
    <p class='ocr_par' dir='ltr' id='par_1_4' title="bbox 200 1422 1142 1620">
     <span class='ocr_line' id='line_1_9' title="bbox 200 1422 1142 1512; baseline 0.003 -21"><span class='ocrx_word' id='word_1_44' title='bbox 200 1422 443 1492; x_wconf 70' lang='lat' dir='ltr'><strong>Grammaticos</strong></span> <span class='ocrx_word' id='word_1_45' title='bbox 464 1433 497 1491; x_wconf 86' lang='lat' dir='ltr'><strong>et</strong></span> <span class='ocrx_word' id='word_1_46' title='bbox 516 1423 714 1493; x_wconf 74' lang='lat' dir='ltr'><strong>Rhetorices</strong></span> <span class='ocrx_word' id='word_1_47' title='bbox 734 1427 845 1494; x_wconf 67' lang='lat' dir='ltr'><strong>murita</strong></span> <span class='ocrx_word' id='word_1_48' title='bbox 866 1429 955 1512; x_wconf 82' lang='lat' dir='ltr'><strong>opud</strong></span> <span class='ocrx_word' id='word_1_49' title='bbox 973 1426 1142 1494; x_wconf 78' lang='lat' dir='ltr'><strong>Romanos</strong></span> 
     </span>
     <span class='ocr_line' id='line_1_10' title="bbox 402 1530 942 1620; baseline 0.004 -22"><span class='ocrx_word' id='word_1_50' title='bbox 402 1551 507 1617; x_wconf 76' lang='lat' dir='ltr'><strong>aspar</strong></span> <span class='ocrx_word' id='word_1_51' title='bbox 528 1533 572 1597; x_wconf 73' lang='lat' dir='ltr'><strong>oct</strong></span> <span class='ocrx_word' id='word_1_52' title='bbox 592 1530 766 1599; x_wconf 71' lang='lat' dir='ltr'><strong>Ciceronis</strong></span> <span class='ocrx_word' id='word_1_53' title='bbox 786 1542 942 1620; x_wconf 82' lang='lat' dir='ltr'><strong>tempora.</strong></span> 
     </span>
    </p>
   </div>
   <div class='ocr_carea' id='block_1_5' title="bbox 136 1665 1203 3673">
    <p class='ocr_par' dir='ltr' id='par_1_5' title="bbox 136 1665 1203 2821">
     <span class='ocr_line' id='line_1_11' title="bbox 202 1665 1202 1750; baseline 0.005 -22"><span class='ocrx_word' id='word_1_54' title='bbox 202 1667 246 1729; x_wconf 83' lang='lat' dir='ltr'><strong>ut</strong></span> <span class='ocrx_word' id='word_1_55' title='bbox 272 1665 481 1749; x_wconf 87' lang='lat' dir='ltr'><strong>plurimarum</strong></span> <span class='ocrx_word' id='word_1_56' title='bbox 509 1666 633 1744; x_wconf 87' lang='lat' dir='ltr'><strong>artium,</strong></span> <span class='ocrx_word' id='word_1_57' title='bbox 659 1666 708 1730; x_wconf 89' lang='lat' dir='ltr'><strong>ita</strong></span> <span class='ocrx_word' id='word_1_58' title='bbox 728 1666 959 1732; x_wconf 78' lang='lat' dir='ltr'><strong>Grammaticos</strong></span> <span class='ocrx_word' id='word_1_59' title='bbox 989 1669 1088 1732; x_wconf 81' lang='lat' dir='ltr'><strong>exilis</strong></span> <span class='ocrx_word' id='word_1_60' title='bbox 1118 1669 1202 1750; x_wconf 79' lang='lat' dir='ltr'><strong>apud</strong></span> 
     </span>
     <span class='ocr_line' id='line_1_12' title="bbox 140 1773 1203 1857; baseline 0.002 -19"><span class='ocrx_word' id='word_1_61' title='bbox 140 1775 301 1839; x_wconf 77' lang='lat' dir='ltr'><strong>Romnum</strong></span> <span class='ocrx_word' id='word_1_62' title='bbox 338 1773 439 1855; x_wconf 81' lang='lat' dir='ltr'><strong>origo,</strong></span> <span class='ocrx_word' id='word_1_63' title='bbox 475 1792 580 1837; x_wconf 88' lang='lat' dir='ltr'><strong>serum</strong></span> <span class='ocrx_word' id='word_1_64' title='bbox 609 1773 746 1836; x_wconf 81' lang='lat' dir='ltr'><strong>studium</strong></span> <span class='ocrx_word' id='word_1_65' title='bbox 771 1775 842 1837; x_wconf 82' lang='lat' dir='ltr'><strong>fuit</strong></span> <span class='ocrx_word' id='word_1_66' title='bbox 889 1775 1072 1857; x_wconf 86' lang='lat' dir='ltr'><strong>Antiquitus</strong></span> <span class='ocrx_word' id='word_1_67' title='bbox 1098 1795 1139 1839; x_wconf 90' lang='lat' dir='ltr'><strong>ne</strong></span> <span class='ocrx_word' id='word_1_68' title='bbox 1168 1777 1203 1840; x_wconf 91' lang='lat' dir='ltr'><strong>in</strong></span> 
     </span>
     <span class='ocr_line' id='line_1_13' title="bbox 139 1879 1203 1962; baseline 0.001 -17"><span class='ocrx_word' id='word_1_69' title='bbox 139 1901 200 1945; x_wconf 84' lang='lat' dir='ltr'><strong>usn</strong></span> <span class='ocrx_word' id='word_1_70' title='bbox 221 1881 356 1962; x_wconf 79' lang='lat' dir='ltr'><strong>quidem,</strong></span> <span class='ocrx_word' id='word_1_71' title='bbox 375 1881 489 1944; x_wconf 85' lang='lat' dir='ltr'><strong>nedum</strong></span> <span class='ocrx_word' id='word_1_72' title='bbox 509 1879 684 1944; x_wconf 88' lang='lat' dir='ltr'><strong>inhonore</strong></span> <span class='ocrx_word' id='word_1_73' title='bbox 705 1883 774 1943; x_wconf 92' lang='lat' dir='ltr'><strong>ullo</strong></span> <span class='ocrx_word' id='word_1_74' title='bbox 796 1888 876 1959; x_wconf 83' lang='lat' dir='ltr'><strong>erat,</strong></span> <span class='ocrx_word' id='word_1_75' title='bbox 903 1883 976 1945; x_wconf 85' lang='lat' dir='ltr'><strong>rudi</strong></span> <span class='ocrx_word' id='word_1_76' title='bbox 1006 1884 1134 1947; x_wconf 89' lang='lat' dir='ltr'><strong>scilicet</strong></span> <span class='ocrx_word' id='word_1_77' title='bbox 1164 1903 1203 1947; x_wconf 87' lang='lat' dir='ltr'><strong>ae</strong></span> 
     </span>
     <span class='ocr_line' id='line_1_14' title="bbox 138 1982 1202 2075; baseline -0.001 -23"><span class='ocrx_word' id='word_1_78' title='bbox 138 1982 299 2052; x_wconf 81' lang='lat' dir='ltr'><strong>bellicosa</strong></span> <span class='ocrx_word' id='word_1_79' title='bbox 319 1987 479 2075; x_wconf 80' lang='lat' dir='ltr'><strong>etiamtum</strong></span> <span class='ocrx_word' id='word_1_80' title='bbox 504 1988 649 2066; x_wconf 90' lang='lat' dir='ltr'><strong>civitate,</strong></span> <span class='ocrx_word' id='word_1_81' title='bbox 676 1988 808 2050; x_wconf 87' lang='lat' dir='ltr'><strong>necdum</strong></span> <span class='ocrx_word' id='word_1_82' title='bbox 835 2007 1028 2070; x_wconf 82' lang='lat' dir='ltr'><strong>magnopere</strong></span> <span class='ocrx_word' id='word_1_83' title='bbox 1055 1991 1202 2053; x_wconf 85' lang='lat' dir='ltr'><strong>liberali·</strong></span> 
     </span>
     <span class='ocr_line' id='line_1_15' title="bbox 142 2093 1203 2176; baseline -0.001 -17"><span class='ocrx_word' id='word_1_84' title='bbox 142 2097 204 2159; x_wconf 84' lang='lat' dir='ltr'><strong>bus</strong></span> <span class='ocrx_word' id='word_1_85' title='bbox 225 2094 407 2176; x_wconf 86' lang='lat' dir='ltr'><strong>disciplinis</strong></span> <span class='ocrx_word' id='word_1_86' title='bbox 428 2100 564 2158; x_wconf 86' lang='lat' dir='ltr'><strong>vacante</strong></span> <span class='ocrx_word' id='word_1_87' title='bbox 579 2093 614 2175; x_wconf 90' lang='lat'><strong>¹).</strong></span> <span class='ocrx_word' id='word_1_88' title='bbox 635 2094 723 2157; x_wconf 86' lang='lat' dir='ltr'><strong>Adeo</strong></span> <span class='ocrx_word' id='word_1_89' title='bbox 744 2096 909 2157; x_wconf 90' lang='lat' dir='ltr'><strong>latuerunt</strong></span> <span class='ocrx_word' id='word_1_90' title='bbox 930 2093 998 2175; x_wconf 88' lang='lat' dir='ltr'><strong>ejus</strong></span> <span class='ocrx_word' id='word_1_91' title='bbox 1019 2096 1122 2176; x_wconf 82' lang='lat' dir='ltr'><strong>priua</strong></span> <span class='ocrx_word' id='word_1_92' title='bbox 1142 2097 1203 2158; x_wconf 90' lang='lat' dir='ltr'><strong>iui-</strong></span> 
     </span>
     <span class='ocr_line' id='line_1_16' title="bbox 139 2186 1203 2284; baseline -0.004 -17"><span class='ocrx_word' id='word_1_93' title='bbox 139 2203 198 2282; x_wconf 75' lang='lat' dir='ltr'><strong>cia,</strong></span> <span class='ocrx_word' id='word_1_94' title='bbox 218 2203 280 2267; x_wconf 83' lang='lat' dir='ltr'><strong>vix</strong></span> <span class='ocrx_word' id='word_1_95' title='bbox 299 2207 334 2264; x_wconf 91' lang='lat' dir='ltr'><strong>ut</strong></span> <span class='ocrx_word' id='word_1_96' title='bbox 351 2186 465 2284; x_wconf 77' lang='lat' dir='ltr'><strong>¹aliqua</strong></span> <span class='ocrx_word' id='word_1_97' title='bbox 485 2202 625 2283; x_wconf 85' lang='lat' dir='ltr'><strong>vestigia</strong></span> <span class='ocrx_word' id='word_1_98' title='bbox 649 2202 806 2282; x_wconf 78' lang='lat' dir='ltr'><strong>reperias,</strong></span> <span class='ocrx_word' id='word_1_99' title='bbox 834 2220 871 2264; x_wconf 87' lang='lat' dir='ltr'><strong>ac</strong></span> <span class='ocrx_word' id='word_1_100' title='bbox 900 2202 1083 2281; x_wconf 83' lang='lat' dir='ltr'><strong>traditione,</strong></span> <span class='ocrx_word' id='word_1_101' title='bbox 1114 2201 1203 2283; x_wconf 85' lang='lat' dir='ltr'><strong>quid-</strong></span> 
     </span>
     <span class='ocr_line' id='line_1_17' title="bbox 140 2308 1200 2393; baseline -0.002 -21"><span class='ocrx_word' id='word_1_102' title='bbox 140 2309 216 2393; x_wconf 81' lang='lat' dir='ltr'><strong>quid</strong></span> <span class='ocrx_word' id='word_1_103' title='bbox 237 2308 395 2372; x_wconf 77' lang='lat' dir='ltr'><strong>eadere</strong></span> <span class='ocrx_word' id='word_1_104' title='bbox 416 2314 551 2386; x_wconf 84' lang='lat' dir='ltr'><strong>constet,</strong></span> <span class='ocrx_word' id='word_1_105' title='bbox 575 2309 707 2372; x_wconf 90' lang='lat' dir='ltr'><strong>nitatur.</strong></span> <span class='ocrx_word' id='word_1_106' title='bbox 749 2308 934 2390; x_wconf 80' lang='lat' dir='ltr'><strong>Depertlitis</strong></span> <span class='ocrx_word' id='word_1_107' title='bbox 962 2315 1068 2372; x_wconf 88' lang='lat' dir='ltr'><strong>autem</strong></span> <span class='ocrx_word' id='word_1_108' title='bbox 1096 2309 1200 2387; x_wconf 87' lang='lat' dir='ltr'><strong>libris,</strong></span> 
     </span>
     <span class='ocr_line' id='line_1_18' title="bbox 141 2414 1201 2503; baseline -0.002 -23"><span class='ocrx_word' id='word_1_109' title='bbox 141 2417 256 2503; x_wconf 80' lang='lat' dir='ltr'><strong>quibus</strong></span> <span class='ocrx_word' id='word_1_110' title='bbox 277 2415 386 2498; x_wconf 82' lang='lat' dir='ltr'><strong>prisca</strong></span> <span class='ocrx_word' id='word_1_111' title='bbox 404 2416 573 2479; x_wconf 86' lang='lat' dir='ltr'><strong>literarum</strong></span> <span class='ocrx_word' id='word_1_112' title='bbox 593 2416 743 2479; x_wconf 88' lang='lat' dir='ltr'><strong>memoria</strong></span> <span class='ocrx_word' id='word_1_113' title='bbox 764 2416 954 2498; x_wconf 76' lang='lat' dir='ltr'><strong>consignata</strong></span> <span class='ocrx_word' id='word_1_114' title='bbox 975 2422 1046 2479; x_wconf 88' lang='lat' dir='ltr'><strong>erat</strong></span> <span class='ocrx_word' id='word_1_115' title='bbox 1067 2414 1105 2496; x_wconf 80' lang='lat'><strong>²),</strong></span> <span class='ocrx_word' id='word_1_116' title='bbox 1127 2435 1201 2478; x_wconf 89' lang='lat' dir='ltr'><strong>con-</strong></span> 
     </span>
     <span class='ocr_line' id='line_1_19' title="bbox 136 2522 1201 2605; baseline -0.001 -18"><span class='ocrx_word' id='word_1_117' title='bbox 136 2523 267 2604; x_wconf 86' lang='lat' dir='ltr'><strong>jectura</strong></span> <span class='ocrx_word' id='word_1_118' title='bbox 292 2524 394 2605; x_wconf 84' lang='lat' dir='ltr'><strong>magis</strong></span> <span class='ocrx_word' id='word_1_119' title='bbox 422 2541 515 2603; x_wconf 86' lang='lat' dir='ltr'><strong>quam</strong></span> <span class='ocrx_word' id='word_1_120' title='bbox 543 2523 641 2585; x_wconf 90' lang='lat' dir='ltr'><strong>certis</strong></span> <span class='ocrx_word' id='word_1_121' title='bbox 675 2522 866 2588; x_wconf 84' lang='lat' dir='ltr'><strong>testimoniis</strong></span> <span class='ocrx_word' id='word_1_122' title='bbox 896 2524 1090 2588; x_wconf 79' lang='lat' dir='ltr'><strong>incrmabula</strong></span> <span class='ocrx_word' id='word_1_123' title='bbox 1119 2524 1201 2588; x_wconf 86' lang='lat' dir='ltr'><strong>artis</strong></span> 
     </span>
     <span class='ocr_line' id='line_1_20' title="bbox 139 2629 1200 2713; baseline -0.003 -17"><span class='ocrx_word' id='word_1_124' title='bbox 139 2630 374 2696; x_wconf 80' lang='lat' dir='ltr'><strong>Grammaticae</strong></span> <span class='ocrx_word' id='word_1_125' title='bbox 404 2631 485 2712; x_wconf 83' lang='lat' dir='ltr'><strong>apud</strong></span> <span class='ocrx_word' id='word_1_126' title='bbox 513 2631 670 2693; x_wconf 83' lang='lat' dir='ltr'><strong>Romanos</strong></span> <span class='ocrx_word' id='word_1_127' title='bbox 698 2629 826 2713; x_wconf 89' lang='lat' dir='ltr'><strong>ejusque</strong></span> <span class='ocrx_word' id='word_1_128' title='bbox 855 2650 1061 2713; x_wconf 80' lang='lat' dir='ltr'><strong>progressum</strong></span> <span class='ocrx_word' id='word_1_129' title='bbox 1097 2638 1130 2695; x_wconf 91' lang='lat' dir='ltr'><strong>et</strong></span> <span class='ocrx_word' id='word_1_130' title='bbox 1160 2632 1200 2695; x_wconf 86' lang='lat' dir='ltr'><strong>ad</strong></span> 
     </span>
     <span class='ocr_line' id='line_1_21' title="bbox 136 2737 1095 2821; baseline -0.001 -19"><span class='ocrx_word' id='word_1_131' title='bbox 136 2739 301 2821; x_wconf 79' lang='lat' dir='ltr'><strong>propriam</strong></span> <span class='ocrx_word' id='word_1_132' title='bbox 322 2737 403 2800; x_wconf 88' lang='lat' dir='ltr'><strong>artis</strong></span> <span class='ocrx_word' id='word_1_133' title='bbox 423 2737 556 2799; x_wconf 83' lang='lat' dir='ltr'><strong>formam</strong></span> <span class='ocrx_word' id='word_1_134' title='bbox 577 2737 836 2819; x_wconf 87' lang='lat' dir='ltr'><strong>compositionem</strong></span> <span class='ocrx_word' id='word_1_135' title='bbox 857 2739 987 2820; x_wconf 86' lang='lat' dir='ltr'><strong>assequi</strong></span> <span class='ocrx_word' id='word_1_136' title='bbox 1007 2739 1095 2801; x_wconf 79' lang='lat' dir='ltr'><strong>licet.</strong></span> 
     </span>
    </p>

    <p class='ocr_par' dir='ltr' id='par_1_6' title="bbox 136 2844 1200 3673">
     <span class='ocr_line' id='line_1_22' title="bbox 199 2844 1199 2926; baseline -0.002 -17"><span class='ocrx_word' id='word_1_137' title='bbox 199 2845 312 2909; x_wconf 76' lang='lat' dir='ltr'><strong>Prinna</strong></span> <span class='ocrx_word' id='word_1_138' title='bbox 331 2844 470 2907; x_wconf 78' lang='lat' dir='ltr'><strong>Latinae</strong></span> <span class='ocrx_word' id='word_1_139' title='bbox 488 2844 618 2925; x_wconf 81' lang='lat' dir='ltr'><strong>linguae</strong></span> <span class='ocrx_word' id='word_1_140' title='bbox 641 2844 800 2907; x_wconf 84' lang='lat' dir='ltr'><strong>elementa</strong></span> <span class='ocrx_word' id='word_1_141' title='bbox 819 2845 935 2925; x_wconf 88' lang='lat' dir='ltr'><strong>partim</strong></span> <span class='ocrx_word' id='word_1_142' title='bbox 962 2847 1104 2926; x_wconf 85' lang='lat' dir='ltr'><strong>propria,</strong></span> <span class='ocrx_word' id='word_1_143' title='bbox 1124 2863 1199 2925; x_wconf 89' lang='lat' dir='ltr'><strong>par-</strong></span> 
     </span>
     <span class='ocr_line' id='line_1_23' title="bbox 136 2950 1198 3034; baseline -0.003 -19"><span class='ocrx_word' id='word_1_144' title='bbox 136 2951 193 3015; x_wconf 78' lang='lat' dir='ltr'><strong>tin</strong></span> <span class='ocrx_word' id='word_1_145' title='bbox 212 2951 389 3034; x_wconf 80' lang='lat' dir='ltr'><strong>peregrina</strong></span> <span class='ocrx_word' id='word_1_146' title='bbox 409 2951 547 3012; x_wconf 84' lang='lat' dir='ltr'><strong>fuerunt.</strong></span> <span class='ocrx_word' id='word_1_147' title='bbox 568 2950 742 3013; x_wconf 78' lang='lat' dir='ltr'><strong>Mrrltarum</strong></span> <span class='ocrx_word' id='word_1_148' title='bbox 763 2951 845 3015; x_wconf 87' lang='lat' dir='ltr'><strong>enirn</strong></span> <span class='ocrx_word' id='word_1_149' title='bbox 866 2951 1008 3032; x_wconf 82' lang='lat' dir='ltr'><strong>gentium</strong></span> <span class='ocrx_word' id='word_1_150' title='bbox 1037 2951 1198 3028; x_wconf 86' lang='lat' dir='ltr'><strong>vicinitas,</strong></span> 
     </span>
     <span class='ocr_line' id='line_1_24' title="bbox 137 3056 1199 3141; baseline -0.003 -19"><span class='ocrx_word' id='word_1_151' title='bbox 137 3059 320 3141; x_wconf 73' lang='lat' dir='ltr'><strong>quibusmun</strong></span> <span class='ocrx_word' id='word_1_152' title='bbox 340 3057 490 3122; x_wconf 80' lang='lat' dir='ltr'><strong>Romanis</strong></span> <span class='ocrx_word' id='word_1_153' title='bbox 511 3057 728 3119; x_wconf 83' lang='lat' dir='ltr'><strong>commercium</strong></span> <span class='ocrx_word' id='word_1_154' title='bbox 745 3062 824 3136; x_wconf 84' lang='lat' dir='ltr'><strong>erat,</strong></span> <span class='ocrx_word' id='word_1_155' title='bbox 838 3056 1105 3140; x_wconf 85' lang='lat' dir='ltr'><strong>opportunitatem</strong></span> <span class='ocrx_word' id='word_1_156' title='bbox 1126 3076 1199 3119; x_wconf 89' lang='lat' dir='ltr'><strong>sen-</strong></span> 
     </span>
     <span class='ocr_line' id='line_1_25' title="bbox 137 3150 1197 3249; baseline -0.003 -19"><span class='ocrx_word' id='word_1_157' title='bbox 137 3164 198 3230; x_wconf 85' lang='lat' dir='ltr'><strong>sim</strong></span> <span class='ocrx_word' id='word_1_158' title='bbox 216 3150 366 3249; x_wconf 78' lang='lat' dir='ltr'><strong>praebuit</strong></span> <span class='ocrx_word' id='word_1_159' title='bbox 385 3164 553 3246; x_wconf 80' lang='lat' dir='ltr'><strong>fingendae</strong></span> <span class='ocrx_word' id='word_1_160' title='bbox 575 3165 819 3245; x_wconf 87' lang='lat' dir='ltr'><strong>formandaeque</strong></span> <span class='ocrx_word' id='word_1_161' title='bbox 840 3163 932 3227; x_wconf 91' lang='lat' dir='ltr'><strong>illius</strong></span> <span class='ocrx_word' id='word_1_162' title='bbox 953 3164 1093 3244; x_wconf 82' lang='lat' dir='ltr'><strong>linguae,</strong></span> <span class='ocrx_word' id='word_1_163' title='bbox 1117 3183 1197 3247; x_wconf 86' lang='lat' dir='ltr'><strong>quae</strong></span> 
     </span>
     <span class='ocr_line' id='line_1_26' title="bbox 138 3247 1200 3351; baseline -0.003 -14"><span class='ocrx_word' id='word_1_164' title='bbox 138 3247 316 3337; x_wconf 79' lang='lat' dir='ltr'><strong>airsorbere</strong></span> <span class='ocrx_word' id='word_1_165' title='bbox 336 3276 462 3334; x_wconf 87' lang='lat' dir='ltr'><strong>ceteras</strong></span> <span class='ocrx_word' id='word_1_166' title='bbox 484 3290 592 3334; x_wconf 91' lang='lat' dir='ltr'><strong>omnes</strong></span> <span class='ocrx_word' id='word_1_167' title='bbox 613 3278 647 3334; x_wconf 92' lang='lat' dir='ltr'><strong>et</strong></span> <span class='ocrx_word' id='word_1_168' title='bbox 668 3272 708 3334; x_wconf 87' lang='lat' dir='ltr'><strong>ad</strong></span> <span class='ocrx_word' id='word_1_169' title='bbox 730 3272 928 3351; x_wconf 82' lang='lat' dir='ltr'><strong>singularem</strong></span> <span class='ocrx_word' id='word_1_170' title='bbox 946 3271 1064 3333; x_wconf 89' lang='lat' dir='ltr'><strong>cultum</strong></span> <span class='ocrx_word' id='word_1_171' title='bbox 1080 3276 1112 3333; x_wconf 89' lang='lat' dir='ltr'><strong>et</strong></span> <span class='ocrx_word' id='word_1_172' title='bbox 1134 3273 1200 3334; x_wconf 88' lang='lat' dir='ltr'><strong>ele-</strong></span> 
     </span>
     <span class='ocr_line' id='line_1_27' title="bbox 138 3377 1199 3460; baseline 0 -19"><span class='ocrx_word' id='word_1_173' title='bbox 138 3379 280 3460; x_wconf 79' lang='lat' dir='ltr'><strong>gantiam</strong></span> <span class='ocrx_word' id='word_1_174' title='bbox 301 3379 479 3441; x_wconf 87' lang='lat' dir='ltr'><strong>seeulorum</strong></span> <span class='ocrx_word' id='word_1_175' title='bbox 499 3378 634 3440; x_wconf 82' lang='lat' dir='ltr'><strong>decursu</strong></span> <span class='ocrx_word' id='word_1_176' title='bbox 656 3377 798 3459; x_wconf 84' lang='lat' dir='ltr'><strong>componi</strong></span> <span class='ocrx_word' id='word_1_177' title='bbox 819 3378 934 3459; x_wconf 85' lang='lat' dir='ltr'><strong>eoepit</strong></span> <span class='ocrx_word' id='word_1_178' title='bbox 957 3379 1095 3440; x_wconf 83' lang='lat' dir='ltr'><strong>Praeter</strong></span> <span class='ocrx_word' id='word_1_179' title='bbox 1117 3377 1199 3441; x_wconf 89' lang='lat' dir='ltr'><strong>alias</strong></span> 
     </span>
     <span class='ocr_line' id='line_1_28' title="bbox 138 3482 1197 3566; baseline -0.004 -19"><span class='ocrx_word' id='word_1_180' title='bbox 138 3489 251 3563; x_wconf 84' lang='lat' dir='ltr'><strong>autem,</strong></span> <span class='ocrx_word' id='word_1_181' title='bbox 290 3483 403 3566; x_wconf 80' lang='lat' dir='ltr'><strong>lingua</strong></span> <span class='ocrx_word' id='word_1_182' title='bbox 435 3485 543 3547; x_wconf 83' lang='lat' dir='ltr'><strong>Tusca</strong></span> <span class='ocrx_word' id='word_1_183' title='bbox 577 3500 724 3563; x_wconf 83' lang='lat' dir='ltr'><strong>magnam</strong></span> <span class='ocrx_word' id='word_1_184' title='bbox 761 3482 890 3545; x_wconf 86' lang='lat' dir='ltr'><strong>videtur</strong></span> <span class='ocrx_word' id='word_1_185' title='bbox 929 3484 994 3546; x_wconf 89' lang='lat' dir='ltr'><strong>vim</strong></span> <span class='ocrx_word' id='word_1_186' title='bbox 1028 3482 1197 3557; x_wconf 82' lang='lat' dir='ltr'><strong>habuisse3</strong></span> 
     </span>
     <span class='ocr_line' id='line_1_29' title="bbox 137 3587 1195 3673; baseline -0.006 -19"><span class='ocrx_word' id='word_1_187' title='bbox 137 3591 253 3673; x_wconf 82' lang='lat' dir='ltr'><strong>quippe</strong></span> <span class='ocrx_word' id='word_1_188' title='bbox 273 3608 353 3671; x_wconf 75' lang='lat' dir='ltr'><strong>gens</strong></span> <span class='ocrx_word' id='word_1_189' title='bbox 374 3590 436 3653; x_wconf 89' lang='lat' dir='ltr'><strong>illa</strong></span> <span class='ocrx_word' id='word_1_190' title='bbox 455 3608 585 3670; x_wconf 82' lang='lat' dir='ltr'><strong>magnos</strong></span> <span class='ocrx_word' id='word_1_191' title='bbox 602 3587 669 3669; x_wconf 86' lang='lat' dir='ltr'><strong>jam</strong></span> <span class='ocrx_word' id='word_1_192' title='bbox 689 3591 813 3652; x_wconf 79' lang='lat' dir='ltr'><strong>fecerat</strong></span> <span class='ocrx_word' id='word_1_193' title='bbox 829 3589 869 3651; x_wconf 88' lang='lat' dir='ltr'><strong>ad</strong></span> <span class='ocrx_word' id='word_1_194' title='bbox 884 3587 1110 3652; x_wconf 84' lang='lat' dir='ltr'><strong>humanitatem</strong></span> <span class='ocrx_word' id='word_1_195' title='bbox 1123 3606 1195 3668; x_wconf 92' lang='lat' dir='ltr'><strong>pro-</strong></span> 
     </span>
    </p>
   </div>
   <div class='ocr_carea' id='block_1_6' title="bbox 137 3722 370 3738">
    <p class='ocr_par' dir='ltr' id='par_1_7' title="bbox 137 3722 370 3738">
     <span class='ocr_line' id='line_1_30' title="bbox 137 3722 370 3738; baseline -0.009 0"><span class='ocrx_word' id='word_1_196' title='bbox 137 3722 370 3738; x_wconf 71' lang='lat'><strong>——————</strong></span> 
     </span>
    </p>
   </div>
   <div class='ocr_carea' id='block_1_7' title="bbox 143 3790 1199 3955">
    <p class='ocr_par' dir='ltr' id='par_1_8' title="bbox 143 3790 1199 3955">
     <span class='ocr_line' id='line_1_31' title="bbox 169 3790 816 3883; baseline 0.008 -31"><span class='ocrx_word' id='word_1_197' title='bbox 169 3794 193 3872; x_wconf 88' lang='lat'><strong>¹)</strong></span> <span class='ocrx_word' id='word_1_198' title='bbox 215 3791 363 3855; x_wconf 73' lang='lat' dir='ltr'><strong>sectili.</strong></span> <span class='ocrx_word' id='word_1_199' title='bbox 385 3790 436 3852; x_wconf 86' lang='lat' dir='ltr'><strong>Gr.</strong></span> <span class='ocrx_word' id='word_1_200' title='bbox 461 3794 486 3856; x_wconf 89' lang='lat'><strong>1.</strong></span> <span class='ocrx_word' id='word_1_201' title='bbox 814 3876 816 3883; x_wconf 33' lang='grc' dir='ltr'>Ι</span> 
     </span>
     <span class='ocr_line' id='line_1_32' title="bbox 143 3865 1199 3955; baseline -0.005 -22"><span class='ocrx_word' id='word_1_202' title='bbox 143 3876 194 3955; x_wconf 76' lang='lat'><strong>¹²)</strong></span> <span class='ocrx_word' id='word_1_203' title='bbox 215 3873 283 3934; x_wconf 86' lang='lat' dir='ltr'><strong>Huc</strong></span> <span class='ocrx_word' id='word_1_204' title='bbox 303 3877 369 3935; x_wconf 87' lang='lat' dir='ltr'><strong>sino</strong></span> <span class='ocrx_word' id='word_1_205' title='bbox 389 3874 479 3935; x_wconf 89' lang='lat' dir='ltr'><strong>dubio</strong></span> <span class='ocrx_word' id='word_1_206' title='bbox 499 3872 641 3952; x_wconf 88' lang='lat' dir='ltr'><strong>pertinuit</strong></span> <span class='ocrx_word' id='word_1_207' title='bbox 662 3870 806 3931; x_wconf 87' lang='lat' dir='ltr'><strong>Varronis</strong></span> <span class='ocrx_word' id='word_1_208' title='bbox 829 3888 905 3949; x_wconf 89' lang='lat' dir='ltr'><strong>opus</strong></span> <span class='ocrx_word' id='word_1_209' title='bbox 922 3869 962 3930; x_wconf 79' lang='lat' dir='ltr'><strong>de</strong></span> <span class='ocrx_word' id='word_1_210' title='bbox 982 3865 1199 3937; x_wconf 82' lang='lat' dir='ltr'><strong>Grammatico,</strong></span> 
     </span>
    </p>
   </div>
   <div class='ocr_carea' id='block_1_8' title="bbox 223 3953 904 4038">
    <p class='ocr_par' dir='ltr' id='par_1_9' title="bbox 223 3953 904 4038">
     <span class='ocr_line' id='line_1_33' title="bbox 223 3953 904 4038; baseline -0.007 -19"><span class='ocrx_word' id='word_1_211' title='bbox 223 3957 311 4038; x_wconf 85' lang='lat' dir='ltr'><strong>cujus</strong></span> <span class='ocrx_word' id='word_1_212' title='bbox 331 3958 389 4018; x_wconf 87' lang='lat' dir='ltr'><strong>tria</strong></span> <span class='ocrx_word' id='word_1_213' title='bbox 410 3961 526 4018; x_wconf 86' lang='lat' dir='ltr'><strong>tantum</strong></span> <span class='ocrx_word' id='word_1_214' title='bbox 548 3953 713 4034; x_wconf 84' lang='lat' dir='ltr'><strong>fragmenta</strong></span> <span class='ocrx_word' id='word_1_215' title='bbox 733 3957 904 4034; x_wconf 83' lang='lat' dir='ltr'><strong>supersunt.</strong></span> 
     </span>
    </p>
   </div>
   <div class='ocr_carea' id='block_1_9' title="bbox 0 0 1350 4666">
    <p class='ocr_par' dir='ltr' id='par_1_10' title="bbox 0 0 1350 4666">
     <span class='ocr_line' id='line_1_34' title="bbox 0 0 1350 4666; baseline 0 0"><span class='ocrx_word' id='word_1_216' title='bbox 0 0 1350 4666; x_wconf 95' lang='lat' dir='ltr'><strong> </strong></span> 
     </span>
    </p>
   </div>
  </div>
 </body>
</html>
