2692 4666
495 331 738 401 ...77-

595 510 650 569 ΙΧ.

82 612 391 683 Formosum.
411 610 490 678 Nat.
513 608 613 678 XIV.
637 619 674 677 13
697 611 785 694 (lo).

149 724 348 801 Loutissime
369 721 451 803 apud
471 722 594 803 priseos
616 721 695 783 vine
709 725 803 783 erant
820 720 1031 784 ΜΥΙΙΙΙΙΙΑΙΙ
1054 724 1151 785 odore

83 832 227 910 condita,
248 836 283 892 ut
303 834 435 912 apparet
456 829 490 891 in
513 828 620 890 Plauti
648 828 767 905 fabula,
798 847 878 909 quae
907 832 1009 892 Persa
1037 831 1151 893 inseri-

82 939 184 1016 bitur,
204 954 388 1019 quamquam
408 935 441 997 iu
463 954 503 997 ee
524 940 557 996 et
579 936 733 997 calamum
754 933 828 996 addi
845 933 945 1014 jubet
987 935 1062 998 ldeo
1085 939 1153 1019 qui-

81 1047 159 1108 dum
181 1044 347 1107 aromatite
370 1042 546 1104 delectatos
567 1043 703 1104 maxime
734 1042 878 1103 credunt.
900 1042 1153 1108 —Scaevolam

82 1170 211 1236 quoqne
233 1157 266 1212 et
285 1145 439 1213 Laelium
461 1155 494 1212 et
514 1147 653 1229 Attejum
675 1147 861 1230 Capitonem
887 1150 921 1211 in
949 1149 1058 1213 eadem
1080 1172 1152 1214 sen-

81 1259 192 1322 tentia
212 1257 312 1319 fuisse
334 1255 438 1333 video,
460 1255 606 1336 quoniam
627 1256 662 1317 in
683 1254 841 1317 Pseudolo
863 1256 921 1319 sit:

85 1387 229 1462 Quodsi
250 1405 326 1467 opus
348 1388 416 1456 siet,
437 1391 472 1446 ut
491 1384 578 1446 dulce
598 1390 715 1466 promet
737 1385 876 1458 indidem,
898 1387 1005 1468 ecquid
1024 1386 1138 1449 habet?

83 1485 179 1548 Clean.
200 1481 326 1563 Rogas?

82 1577 281 1646 Murrlrinam
302 1595 437 1656 passum,
458 1573 615 1644 defrutum,
636 1575 733 1635 melle

173 1710 235 1775 cff.
257 1727 337 1790 quae
358 1729 388 1789 p.
409 1712 459 1768 37.
479 1707 661 1769 monuimus.
680 1708 816 1771 Videtur
837 1710 938 1790 igitur
963 1703 1083 1774 Aelius
1102 1729 1154 1774 re-

170 1816 335 1900 ponendus
363 1834 443 1894 esse,
473 1833 516 1876 ex
544 1813 631 1894 cujus
663 1815 823 1878 Indicibus
852 1817 887 1878 in
924 1818 1032 1879 Plauti
1067 1820 1152 1883 sabb.

172 1923 334 2004 ambiguas
355 1920 436 1983 haec
455 1922 596 1983 fortasse
620 1922 744 1986 Plinius
766 1923 929 2003 repetivit
961 1925 1032 1987 Vid.
1054 1926 1152 1989 lladr.

171 2031 287 2094 lunius
308 2028 496 2090 Animadvv.
517 2029 554 2090 V.
576 2034 625 2091 19.

317 2136 320 2141 ’
604 2139 634 2196 Χ

85 2237 327 2310 ARNOBIUS
348 2241 417 2305 udo.
440 2239 534 2307 Geut.
557 2239 623 2307 ΙΙΙ.
636 2180 694 2307 98.

147 2348 415 2413 Novuuslnus
438 2349 512 2412 Piso
535 2351 619 2412 lleos
642 2369 713 2411 esse
736 2350 839 2412 credit
860 2370 973 2413 novem
1003 2352 1037 2414 in
1058 2352 1151 2416 Sabi-

84 2459 137 2522 nis
161 2458 243 2537 apud
266 2456 417 2518 Trebium
440 2458 637 2520 constitutos.
665 2458 732 2521 llos
754 2458 894 2522 Granius
915 2454 1036 2523 Musas
1055 2464 1153 2541 putot,

86 2580 278 2626 consensum
300 2562 536 2624 accommodans
557 2557 664 2626 Aelio.

173 2665 222 2730 (ΙΙ.
244 2685 270 2727 e.
290 2670 341 2727 39.
362 2666 467 2728 Varro
489 2668 536 2729 lle
558 2668 595 2728 l.
616 2667 653 2729 L.
675 2669 712 2730 V.
735 2674 784 2731 74.
815 2667 1021 2734 Novensides
1049 2669 1157 2734 αδα-

172 2769 269 2835 dinis.
289 2770 359 2834 Vid.
381 2774 463 2834 Mar.
484 2774 604 2835 Victor.
625 2795 655 2855 p.
676 2780 770 2837 9470.
793 2776 910 2838 Putsoh
932 2811 972 2820 —
993 2776 1154 2840 Hereldus

171 2878 208 2941 in
227 2879 342 2940 Annot
365 2879 406 2941 nd
426 2879 543 2943 Aruob.
565 2901 595 2962 p.
616 2887 686 2944 169.
718 2883 819 2944 0rell.
847 2883 971 2945 Aelium
997 2882 1155 2946 Stilonem

175 2984 353 3065 significari
374 2990 474 3066 putat
495 2986 555 3048 llst
575 2992 681 3049 tamen
701 3006 790 3050 mera
817 2989 964 3069 suspicio.
1005 2987 1154 3051 Animad-

174 3091 364 3155 vertendum
383 3099 499 3171 tameu,
521 3092 551 3155 h.
572 3095 594 3156 l.
616 3095 653 3155 Ιι.
675 3093 881 3174 Calpurnium
910 3095 1057 3157 Pisonem
1079 3116 1153 3157 con-

172 3195 267 3279 jungi
289 3217 357 3260 cum
372 3198 510 3278 delion
532 3218 592 3282 quo
615 3200 772 3263 dissentit.
794 3200 951 3264 Similiter
973 3202 1055 3281 apud
1075 3205 1157 3267 Var-

177 3322 289 3366 ronem
311 3302 380 3385 (Fr.
403 3303 474 3385 ΙΙΙ.)
503 3307 541 3368 de
569 3309 643 3385 lacu
674 3306 784 3372 Curtio
814 3307 888 3369 Piso
919 3313 953 3370 et
981 3308 1017 3373 C.
1046 3310 1158 3376 Aelius

178 3417 400 3489 memorantur,
422 3413 476 3474 ubi
503 3414 584 3493 quod
606 3413 770 3495 corrigunt
798 3410 986 3491 cormelino,
1017 3418 1079 3479 etsi
1107 3438 1158 3479 eo-

178 3517 280 3580 dioum
301 3519 362 3581 fide
384 3519 516 3598 uitetur,
537 3526 643 3583 tamen
666 3540 708 3585 ex
729 3522 795 3584 loci
823 3522 1000 3588 Aruobiani
1028 3525 1155 3586 ratione

182 3642 246 3685 non
267 3625 483 3688 necessarium
504 3627 641 3690 videtur.

599 3734 655 3796 xl.

98 3818 281 3889 FESTUS
301 3843 330 3887 v.
351 3821 505 3905 Nuptiae.

161 3923 367 3994 Nurrms
376 3922 496 3994 Aelius
517 3937 549 3996 et
564 3927 704 3998 vinetus
724 3932 834 4001 dictos
855 3952 930 3999 esse
950 3929 1056 4016 ajunt,
1079 3936 1157 4014 quio
