2692 4666
584 364 826 441 -τᾶβ-

180 545 301 605 lautum
320 539 475 628 nitantur,
494 557 557 603 non
578 542 753 607 referemus
776 562 830 605 eos
851 544 885 605 iu
915 543 1105 625 scriptorum
1133 562 1243 627 ιιιιιιιιι·>

61 702 67 718 ,
178 662 262 721 rmn3
284 664 387 728 neque
408 646 590 727 fragmenta
611 647 715 726 etiam,
742 665 823 728 quae
849 666 887 710 eo
914 647 1080 728 pertinere
1106 649 1243 715 virleu„

177 756 240 833 tur,
273 771 314 817 ue
342 753 417 834 quid
444 772 487 818 ex
517 753 652 821 arbitrio
689 755 807 818 fecisse
836 772 1028 835 accusemur,
1051 758 1241 839 separatim

127 906 132 927 .
178 856 313 923 edemus.

239 964 368 1029 Certior
396 984 450 1028 res
479 973 529 1029 est
555 966 594 1029 de
621 965 790 1032 duodecim
818 964 1003 1032 tubulorum
1036 900 1237 1050 intemetu-

176 1075 277 1137 tione.
329 1073 515 1143 Habuerunt
550 1075 629 1139 illae
671 1074 869 1156 antiquiores
912 1074 1119 1155 interpretes,
1152 1073 1233 1141 Sex.

177 1178 301 1257 Aelium
322 1185 355 1242 et
375 1180 412 1240 L.
425 1179 568 1258 Acilium,
584 1180 696 1260 quibus
718 1181 834 1243 tertius
856 1185 963 1244 aetate
984 1156 1238 1243 acceditdelius

173 1282 259 1349 Stilo
283 1282 319 1363 ¹).
360 1286 462 1360 Quale
483 1285 621 1364 pretium
641 1283 734 1364 hujus
755 1286 1015 1366 interpretationi
1046 1287 1090 1349 sit
1116 1285 1238 1350 baben·

175 1391 255 1471 dum,
276 1410 339 1454 non
359 1392 438 1455 licet
458 1393 631 1455 affirmare.
659 1395 747 1472 Nam,
768 1393 850 1473 quod
872 1393 985 1457 Cicero
1008 1395 1107 1456 semel
1128 1392 1238 1458 Aelia-

172 1515 232 1560 nos
254 1498 493 1561 commentarios
514 1499 634 1579 laudat,
655 1518 694 1562 co
715 1516 779 1562 uon
799 1499 944 1561 universi
964 1499 1071 1580 operis
1093 1499 1238 1564 laudatio

173 1604 361 1684 continetur,
382 1605 440 1669 sed
459 1606 604 1677 refertur
624 1607 665 1669 ad
677 1607 780 1670 -uuius
795 1606 944 1670 vocabuli
959 1607 1236 1688 significationem,

172 1709 290 1792 inqua
312 1731 403 1794 quum
431 1714 614 1794 superiores
642 1715 837 1796 interpretes
864 1715 948 1797 lapsi
976 1720 1094 1794 essent,
1123 1714 1238 1779 Aelius

172 1834 284 1882 verum
304 1817 441 1883 viderat
463 1819 634 1883 Probabile
656 1826 761 1883 tamen
783 1825 841 1899 est,
863 1839 922 1882 sua
941 1839 1011 1883 eum
1031 1822 1234 1885 aetate-doc-

172 1923 244 2003 tius,
266 1943 323 1987 suo
345 1944 423 1988 vero
445 1927 575 2008 ingenio
596 1929 758 1991 illustrius
779 1928 818 1990 de
839 1927 909 1989 illis
930 1928 1058 2008 legibus
1071 1947 1235 1997 <commem

171 2036 270 2095 tatum
292 2053 372 2113 esse,
395 2037 537 2117 quamvis
560 2055 602 2098 ex
623 2055 730 2120 opera,
751 2054 842 2116 quarn
869 2039 982 2118 postea
1010 2035 1069 2099 olii
1096 2035 1235 2101 Romani

169 2136 363 2218 interpretes
387 2138 413 2219 ²)
441 2140 555 2203 iisdem
576 2140 775 2223 explicandis
804 2145 972 2219 navarunt,
999 2140 1080 2203 satis
1105 2147 1228 2223 pateat,

170 2247 226 2305 aut
245 2245 455 2324 praeteriisse
478 2264 548 2308 eum
568 2247 671 2327 plura,
687 2251 742 2308 aut
758 2245 884 2326 saepius
897 2246 932 2308 in
948 2244 1123 2309 divinando
1135 2266 1234 2323 sensu

168 2347 396 2414 hallucinatum
420 2371 500 2414 esse.

232 2454 309 2519 cum
341 2455 401 2517 boc
436 2455 700 2537 antiquitatist
670 2442 777 2518 studio
807 2474 866 2534 poe
868 2460 971 2519 tarum
1003 2410 1232 2541 interpretatio

169 2558 337 2638 conjuncta
357 2561 428 2622 suit.
450 2560 510 2622 llic
530 2560 700 2641 praecipue
723 2559 854 2623 criticae
875 2562 1039 2625 facultatis
1061 2565 1133 2625 laus
1154 2562 1231 2627 emi·

167 2665 245 2744 nuit,
268 2666 380 2748 quippe
403 2666 436 2729 iu
457 2667 566 2728 Plauti
586 2667 706 2730 fabulis
728 2668 948 2731 examinandis
976 2669 1039 2732 et
1029 2687 1065 2733 m
1085 2670 1231 2733 ordinem
1267 2662 1271 2670 ’

167 2772 352 2854 redigendis
373 2773 560 2856 palmariam
581 2792 709 2857 operam
730 2774 840 2838 Aelius
855 2775 983 2838 videtur
997 2793 1147 2840 mursae.
1162 2777 1244 2869 Em

163 2885 256 2943 stant
270 2880 314 2943 de
337 2878 405 2961 ejus
426 2881 460 2944 iu
482 2878 573 2961 hujus
594 2887 707 2963 poetae
729 2882 849 2963 scripta
869 2882 993 2944 meritis
1014 2882 1137 2946 diserto
1150 2883 1228 2948 Gela

166 2987 205 3050 lii
227 2989 416 3052 testimonia.
438 2989 570 3051 Penitus
591 2990 726 3052 imbutus
748 2995 820 3052 crat
835 2989 942 3051 Plauti
963 2990 1111 3067 lectione,
1127 3010 1226 3073 quam,

166 3099 250 3157 teste
271 3097 512 3175 venenatam
538 3098 664 3160 amabat
691 3102 724 3158 et
751 3096 975 3175 admirabatur,
998 3103 1032 3157 ut
1059 3094 1127 3176 ejus
1154 3116 1225 3161 seu-

165 3201 268 3263 tentia
287 3203 400 3279 illusae
422 3205 571 3268 Plautino
593 3194 737 3267 sermoire
758 3205 923 3266 loeuturae
943 3204 1090 3283 luissent,
1111 3204 1140 3266 si
1161 3206 1224 3268 La-

165 3308 232 3370 tine
254 3310 341 3389 loqui
363 3313 488 3373 vellent
510 3310 547 3392 3).
588 3312 634 3373 Ac
663 3312 790 3373 sincera
811 3311 934 3393 quidem
954 3309 1034 3373 baec
1055 3312 1223 3375 admiratio

158 3415 234 3495 luit,
257 3416 410 3499 siquidem
431 3418 628 3500 diligentiae,
658 3438 719 3500 qua
746 3419 931 3500 exploravit
957 3437 1027 3482 eum
1054 3421 1222 3499 auctorem,

165 3543 230 3590 nou
249 3523 366 3605 nocuit,
387 3525 445 3589 sed
465 3526 551 3589 acuit
572 3545 640 3589 eam
662 3532 695 3588 et
714 3526 812 3588 rexit.
834 3526 942 3589 Plauti
956 3527 1086 3591 fabulae
1099 3546 1140 3597 cc
1154 3525 1221 3609 jam

195 3793 217 3867 ¹)
241 3789 463 3871 Cl.Suriugar.
485 3788 581 3871 Opi.
603 3810 632 3870 p.
644 3778 703 3852 30.
724 3809 790 3869 sqq.
811 3789 899 3854 dits
882 3810 949 3872 s.qq

187 3875 216 4035 ἲς
239 3871 415 4031 guiqtmsexr
435 3873 601 4024 lSulpicius,
624 3874 774 3937 Antistius
794 3872 907 3943 Labeo.
911 4008 915 4015 Ι
930 3872 976 3939 Ci.
968 3873 1146 4028 ,Suriugar¹
1161 3873 1218 3938 tu.
