2692 4666
600 350 845 455 ...10-

189 515 461 600 Glondorpiw),
490 514 686 586 Demstems
698 519 740 602 ²),
765 518 927 588 Burthius
941 518 980 601 ¹),
1000 518 1192 587 Gronovius
1210 517 1254 602 ⁴),

188 621 369 689 Proustius
392 623 431 705 ⁵),
454 623 653 692 Tirchoscdi
674 624 714 709 ⁶).

250 731 339 794 lianc
366 737 471 795 autem
498 752 519 797 a
546 734 775 805 renatisinde
804 735 912 800 literis
939 739 973 798 ct
992 735 1077 798 omni
1098 734 1252 818 deinceps

186 842 329 920 tempore
354 858 470 922 magna
496 843 699 906 contentione
730 843 886 924 agitatam
915 843 1134 926 quaestionem
1160 839 1251 907 Bur-

184 960 335 1022 mannus,
358 947 459 1028 quoad
480 946 548 1029 ejus
576 949 650 1012 lieri
677 950 790 1030 potuit,
819 949 1064 1032 diligentissime
1096 951 1250 1031 explora-

184 1051 234 1114 vit
256 1052 292 1132 ⁷).
313 1053 466 1117 Breviter
487 1056 664 1119 sententias
686 1056 892 1138 singulorum,
922 1058 976 1141 qui
997 1057 1119 1138 aliquid
1141 1076 1181 1120 ca
1203 1057 1244 1121 de

133 1212 138 1223 ,
182 1176 220 1222 re
240 1161 458 1241 prodiderunt,
473 1163 650 1240 contraxit3
672 1163 723 1226 cui
744 1164 975 1227 enumerationi
997 1164 1026 1227 si
1048 1163 1248 1245 quorundam

182 1265 267 1332 haud
287 1271 468 1352 spernenda
487 1271 638 1333 memoria
660 1269 752 1350 desit,
773 1271 846 1334 viro
867 1271 902 1335 in
922 1276 1015 1335 tanta
1041 1271 1247 1352 supellectile

182 1383 335 1459 occupato
355 1379 484 1442 facilem
505 1378 631 1442 veniam
652 1378 770 1442 damus.
812 1379 929 1444 Varias
957 1385 1061 1443 autem
1082 1380 1248 1445 variorum

182 1485 359 1547 sententias
385 1504 451 1548 non
476 1485 578 1549 solum
606 1486 762 1564 laudavit,
792 1486 849 1549 sed
876 1486 1018 1551 adhibito
1041 1485 1162 1566 judicio
1191 1506 1247 1550 ac-

180 1595 291 1652 curate
317 1591 495 1671 perpendit
523 1591 594 1674 ipse
621 1597 727 1657 tamen
754 1592 837 1656 nihil
866 1595 988 1675 statuit,
1016 1594 1073 1657 sed
1102 1594 1246 1659 cohibuit

180 1696 399 1761 assensionem
419 1694 457 1779 ⁸).
494 1700 602 1780 Neque
628 1699 731 1782 magis
756 1700 792 1764 in
818 1699 990 1766 divinando
1018 1707 1148 1764 auctore
1169 1720 1247 1783 pro-

178 1802 257 1865 iecit
277 1799 505 1885 Spaldinpius,
532 1805 567 1870 in
588 1825 627 1870 eo
654 1825 733 1870 vero
761 1807 948 1887 laudandus,
975 1808 1058 1890 quod
1085 1810 1120 1872 in
1149 1808 1245 1872 ador-

177 1908 286 1971 nanda
312 1909 600 1985 Quintilianearum
629 1910 865 1975 institutionum
899 1912 1038 1975 editione
1068 1913 1142 1975 loca
1169 1933 1245 1977 con-

178 2018 330 2080 troversa
351 2015 526 2097 diligenter
552 2016 698 2095 attendit,
726 2015 838 2098 quihus
864 2017 985 2097 respici
1012 2023 1172 2081 auctorem
1199 2019 1243 2082 ad

177 2120 371 2186 Herennium
392 2122 472 2186 satis
492 2123 601 2185 multis
620 2141 806 2204 persuasum
827 2127 908 2185 erat.
949 2123 1002 2185 Ex
1023 2141 1132 2188 eorum
1152 2127 1241 2189 loco-

174 2245 245 2291 rum
266 2230 500 2312 comparatione
522 2229 740 2292 demonstrare
761 2233 893 2290 conatus
913 2233 965 2292 est
980 2227 1017 2311 ⁹),
1039 2232 1239 2307 Quintiliano

176 2335 301 2417 quidem
321 2335 556 2418 praeceptionis
584 2334 808 2397 Herennianae
836 2340 997 2400 auctorem
1027 2338 1240 2404 certissimum

177 2442 281 2504 visum
307 2461 379 2505 esse
406 2441 609 2507 Cornificium
630 2438 798 2521 juniorem,
825 2439 991 2505 Ciceronis
1018 2445 1053 2508 in
1080 2453 1240 2528 auguratu

175 2549 341 2629 collegam,
363 2566 454 2629 quem
472 2546 606 2611 Vossius
627 2546 876 2628 significaverat.
911 2545 1100 2631 Porpoldus
1123 2559 1239 2635 autem,

175 2654 229 2738 qui
249 2655 283 2717 in
304 2654 513 2736 comparando
533 2654 650 2717 incerti
671 2655 812 2719 auctoris
840 2658 992 2738 opusculo
1020 2677 1089 2721 cum
1118 2660 1238 2724 Rheto-

172 2762 251 2825 ricis
273 2762 311 2826 de
333 2762 522 2826 Inventione
545 2767 694 2826 accurate
716 2768 865 2827 versatus
896 2769 954 2843 est
982 2763 1066 2829 nihil
1096 2766 1135 2830 de
1163 2768 1236 2850 ipso

174 2875 305 2933 auctore
327 2869 409 2933 certi
429 2870 591 2933 affirmare
612 2888 708 2932 ausus
731 2875 781 2933 est
804 2867 854 2949 ¹⁰).

172 2993 402 3012 ψ

165 3101 167 3105 r
210 3058 233 3133 ¹)
255 3054 411 3118 Onomast.
431 3053 502 3115 Vid.
522 3053 569 3116 Jo.
589 3052 764 3117 Rainoldus.
785 3052 884 3117 Praei·
895 3051 969 3115 XX.
990 3053 1029 3116 de
1050 3054 1135 3118 libris
1154 3057 1236 3139 Apo·

258 3137 382 3218 cryphis
402 3136 460 3198 vol.
480 3135 503 3198 L
524 3158 554 3219 p.
579 3136 647 3199 166.

209 3220 235 3298 ²)
255 3218 306 3280 Ad
326 3219 473 3280 Rosinum
494 3218 530 3280 ll.
552 3219 598 3281 16.
618 3240 649 3301 p.
671 3219 739 3282 166.

205 3299 232 3464 h
253 3299 576 3444 hffhfrsa'ohuhff'ao
595 3383 667 3445 uer.
688 3384 718 3445 e.
778 3407 780 3410 <

207 3469 232 3547 θ)
253 3464 318 3527 init
338 3464 423 3526 Note
446 3466 485 3526 ad
506 3465 596 3527 Rhoe
618 3466 657 3526 ad
677 3466 747 3527 Hor.
768 3463 815 3525 Cf.
835 3462 936 3525 Burm.
957 3465 977 3524 l.
998 3465 1017 3524 1.
1038 3484 1067 3547 p.
1088 3467 1138 3529 42.

78 3590 79 3595 κ
202 3548 361 3631 ⁰)Storia.
382 3547 451 3608 Vol.
472 3545 507 3607 ΙΙ.
529 3568 558 3628 p.
579 3547 649 3608 llo.
670 3548 715 3609 cf.
737 3546 932 3608 Heumannus
958 3545 1069 3610 Schod.
1096 3549 1134 3612 dc
1160 3550 1231 3612 lito.

250 3633 348 3695 Anon.
369 3635 401 3691 et
420 3629 570 3692 Pseudon.
591 3649 621 3710 p.
645 3629 713 3695 149.
739 3647 806 3710 sqq.

203 3716 231 3875 i}
252 3714 351 3857 roffi.
363 3712 476 3856 iao.
497 3792 579 3854 nne
599 3791 705 3854 noea
725 3812 754 3874 p.
776 3790 805 3852 o.
826 3799 857 3854 et
876 3792 925 3855 ac.

204 3880 230 3958 ⁹)
250 3877 301 3942 Ad
322 3877 394 3938 inst
414 3876 497 3938 Orat.
519 3874 575 3935 ΙΧ.
596 3874 623 3936 3.

192 3962 229 4041 ¹⁰)
249 3959 437 4129 ¹obsepti&
458 3960 488 4021 iu
510 3955 604 4040 Soph.
624 3954 726 4041 Eurip.
748 3958 810 4021 Cic.
831 3957 928 4023 quac
943 3959 1030 4024 1802.
1053 3959 1231 4024 ClWetzel
