2692 4666
552 331 796 400 „09-

704 388 707 397 .

230 503 357 566 Aelium
387 506 427 567 de
455 501 548 584 hujus
577 506 671 569 verli
698 505 898 569 nouissimus
925 524 984 568 usu
1012 505 1212 586 disseruisse,

159 607 163 614 ’
229 616 263 671 et
282 612 378 691 plane
401 628 586 691 perversum
603 609 776 690 judicasse.
797 611 891 674 visu.
914 614 1055 693 interpp.
1075 613 1116 676 ad
1136 613 1166 676 h.
1186 616 1209 677 l.

233 718 453 781 Praeferenda
473 718 817 781 videturScriveriani
833 718 1091 800 couscriptum:
1114 718 1211 798 Quod

227 839 298 885 area
319 827 476 886 maneria
491 818 622 902 Aelius,
641 823 800 900 Sisenna,
821 824 893 901 alii,
914 825 1065 908 qaod—.
1087 828 1208 890 sacius

225 930 316 1007 enim,
338 931 506 994 obscurato
528 932 654 995 nomine
676 933 844 1012 Sisennae,
858 933 1005 996 librariis
1022 921 1207 1014 conjectura

225 1042 314 1098 erat:
335 1040 389 1100 sic
408 1055 507 1100 senes
527 1035 665 1121 aliquot,
694 1039 829 1120 indeque
857 1044 894 1102 ul
915 1045 989 1101 ante
1016 1034 1136 1104 Aelius
1164 1040 1209 1104 ir-

222 1142 334 1222 repsit,
356 1148 390 1203 nt
410 1143 587 1224 proximum
607 1147 660 1208 stc
680 1143 817 1208 haberet
839 1164 898 1227 quo
925 1146 1114 1231 referretur.
1145 1146 1204 1212 cu

224 1247 372 1329 cujacius
385 1250 476 1314 0lss.
488 1250 545 1313 111.
559 1255 610 1314 36.
633 1251 748 1316 Carrio
769 1254 872 1316 Lectt
893 1251 966 1315 Ant.
987 1253 1042 1315 111.
1063 1257 1094 1315 4.
1111 1259 1204 1335 ullu.

634 1384 706 1444 ΧΗ.

139 1480 322 1550 FESTUS
341 1505 369 1548 v.
390 1483 633 1550 Nusciclasum.

206 1587 526 1657 Nascuclosuul
543 1591 665 1658 Aelius
684 1593 774 1658 sula
795 1598 845 1659 alt
865 1594 1031 1678 appellari
1058 1592 1203 1672 salitum,

136 1701 196 1781 qul
215 1696 295 1780 plus
308 1698 433 1763 videret
456 1704 599 1782 vespert,
612 1718 708 1783 auam
730 1702 877 1779 meridie,
896 1721 959 1767 aec
980 1708 1205 1784 conuerreret,

136 1807 211 1867 alsi
234 1803 321 1886 quau
342 1822 446 1888 usque
466 1804 510 1868 acl
530 1805 646 1869 arulas
666 1805 871 1869 admouisset.

224 1912 342 1973 Festus
365 1913 454 1974 vocis
475 1909 631 1975 Lascitia
654 1914 785 1976 eandem
807 1914 1054 1994 explicationem
1075 1915 1138 1977 dat.
1152 1914 1202 1981 cf.

218 2019 341 2082 Nonius
363 2038 393 2082 v.
414 2015 575 2083 Lusciost
596 2026 629 2082 et
645 2020 835 2101 Fuulgentius
856 2015 1052 2082 necatas.
1075 2020 1210 2083 Plinius.

217 2124 298 2187 nist.
314 2127 385 2187 Nat.
398 2127 544 2187 xxvlu.
561 2132 609 2187 11.
618 2123 699 2205 (4⁷.)
714 2127 826 2204 refert,
839 2127 1046 2188 Luscicsosu
1061 2126 1197 2188 Graccis

220 2231 284 2293 dici
304 2232 488 2302 νυκτάλωπας.
509 2232 686 2296 vid-flatu.
701 2234 741 2307 all
759 2231 790 2294 h.
804 2235 825 2296 l.
840 2234 961 2296 Nonius
977 2251 1056 2295 vero
1070 2237 1200 2309 μείωπας.

616 2367 703 2428 x111.

126 2462 308 2532 FESTUS
328 2487 356 2530 a.
378 2465 547 2532 obstitum.

185 2568 429 2638 OBSTITUM
457 2570 612 2638 Cloatius
639 2581 672 2639 et
702 2569 822 2640 Aelius
855 2573 943 2640 stuc
981 2592 1056 2640 esse
1091 2571 1188 2659 ajunt

129 2677 291 2745 violatum
311 2686 534 2762 nunciumque
555 2679 594 2744 ele
614 2680 717 2745 eaelo.

613 2813 696 2875 x1v.

127 2910 307 3014 FESTUS
325 2934 353 2978 a.
376 2912 584 2979 Ordiaarias.

180 3014 481 3086 ORDINARIUM
498 3021 657 3084 homiaem
679 3017 798 3085 Aelius
818 3019 908 3085 sala
929 3023 977 3084 ait
1002 3018 1070 3085 dici
1098 3019 1179 3087 sali-

118 3137 199 3206 tum,
222 3131 279 3211 qui
300 3131 429 3192 minime
450 3129 562 3192 ordine
585 3129 721 3192 viveret.

617 3259 684 3321 XV.

123 3372 276 3442 VARRO
296 3374 336 3439 de
360 3371 423 3440 Va.
445 3372 526 3457 Pap.
549 3372 642 3441 Ram.
665 3372 693 3440 1.
715 3393 768 3459 ap.
792 3374 937 3440 Nauium
965 3397 993 3441 a.
1018 3377 1181 3444 Pandere.

119 3515 124 3520 ·
175 3480 275 3548 Hauc
294 3481 399 3546 Deam
422 3477 659 3564 (PANDAM)
675 3480 794 3547 Aelius
804 3490 900 3566 putat
920 3502 995 3549 esse
1008 3482 1162 3549 Cererem
1167 3509 1180 3561 ,-

114 3590 175 3655 sed
201 3589 289 3674 quad
314 3594 350 3653 iu
380 3588 510 3674 asylum
543 3595 600 3673 aut
630 3587 870 3673 confugissent,
901 3591 1177 3674 pacisceretur,

114 3715 191 3762 esse
211 3676 328 3760 acmen
348 3693 475 3775 factum
496 3715 517 3759 a
537 3715 624 3779 pane
645 3697 762 3760 danda.

192 3800 347 3867 Pandere
375 3820 464 3885 erae,
501 3804 547 3866 ait
575 3805 704 3883 Nonius,
735 3808 832 3887 quasi
865 3821 983 3886 panem
1017 3803 1110 3880 clare,
1144 3812 1178 3870 el

203 3910 290 3994 quad
324 3928 489 3994 uunquam
522 3908 638 3990 fanum
675 3909 798 3977 talibus
829 3910 1045 3976 clauderetur.
1067 3945 1108 3961 -
1129 3915 1175 3977 ne
