2692 4666
549 339 794 441 ..15-

148 519 185 585 ao
216 539 255 584 eo
289 518 480 601 discederet,
515 538 631 584 mamae
664 523 750 596 ernt;
785 517 875 582 aldit
908 520 1027 582 autemr
1066 533 1204 600 quorum

147 630 271 692 ettam
291 644 403 691 comes
420 629 457 690 ia
474 629 650 709 mactatio
669 621 783 705 fitertt.
822 624 996 690 Similiter:
1021 621 1204 689 lllretortco

145 752 305 819 qaoque
324 731 415 816 opud
431 750 496 797 roos
513 751 591 797 sero
611 738 750 816 recepto
777 736 840 809 est,
863 730 966 813 paulo
994 735 1115 796 etiam
1138 727 1205 812 dis-

144 824 272 922 fietlias
293 838 331 921 ¹).
351 872 395 887 -
415 836 507 904 Nero
535 835 667 904 caesor
687 845 719 904 et
739 842 847 923 primo
873 842 1004 922 imperii
1024 857 1123 916 aooo,
1142 857 1204 922 pa-

145 944 232 1013 lliae
265 966 430 1030 qaoque
462 944 515 1011 lis
542 953 643 1012 antea
668 945 881 1012 tectamooa:
911 943 1062 1029 plerique
1094 951 1203 1009 autem

100 1083 104 1093 ¹
147 1061 319 1119 morum
340 1056 461 1118 etiam
480 1051 738 1119 declamationes
758 1052 929 1117 ratmont
949 1050 986 1133 ²).
1028 1052 1078 1115 lta
1099 1058 1204 1116 cutem

141 1163 387 1245 significatione,
402 1162 495 1245 quam
507 1161 679 1227 Schutaius
691 1160 980 1243 voluitusru‘pnvit
994 1158 1150 1239 disjuncte
1159 1158 1203 1239 3)τ

140 1266 196 1333 la'c
213 1267 342 1351 quidem
356 1268 401 1332 od
412 1267 560 1333 altanum
578 1275 728 1339 aetatem,
749 1274 789 1332 et
810 1285 883 1332 cum
894 1265 983 1352 jam
1002 1284 1069 1330 ooo
1081 1283 1203 1349 qressu
1279 1276 1282 1283 '

140 1374 236 1439 morlo
257 1370 465 1455 deficeretur,
484 1374 545 1439 sed
562 1381 595 1440 ct
615 1378 699 1439 visu.
739 1373 896 1455 ceterum,
917 1393 1009 1457 quam
1030 1373 1074 1436 sit
1093 1373 1203 1437 incon-

139 1488 232 1547 stans
252 1482 289 1545 iu
309 1482 511 1546 observanda
531 1481 593 1546 hac
614 1482 828 1546 Grammatico
848 1482 1037 1560 subtilitate,
1057 1480 1133 1544 ltine
1146 1499 1203 1563 qa·

140 1595 190 1655 tet
209 1585 253 1670 ⁴).
295 1587 456 1671 Scripsit,
479 1594 616 1672 praeter
641 1586 885 1655 Grammaticos
912 1586 1054 1665 libellos,
1081 1590 1204 1651 ettam

138 1700 312 1780 pomam
332 1714 425 1780 quum
439 1695 505 1758 alio
519 1694 593 1758 loco
609 1695 709 1759 dicat:
724 1692 883 1779 lecitque
895 1701 1032 1779 praeter
1043 1711 1203 1760 commun·

138 1808 250 1871 tortos
269 1836 312 1851 -
330 1809 482 1889 satyram
502 1821 661 1886 quoque
674 1801 711 1884 ⁵).
743 1806 813 1868 Non
834 1804 935 1885 igitur
954 1804 1127 1870 Suetonius
1149 1802 1204 1866 lo-

140 1912 217 1993 cuit,
237 1910 417 1994 Gniphonis
438 1909 579 1974 scholam
600 1928 620 1973 a
641 1908 796 1975 Cicerone
824 1911 1028 1974 adolescente
1054 1913 1205 1995 ltequen-

139 2024 242 2084 tatam
263 2037 344 2082 esse.
370 2021 480 2101 Neque
500 2018 684 2082 Macrobius
710 2019 857 2097 affirmet,
887 2019 941 2100 qui
969 2018 1205 2099 provectiorem

140 2125 310 2192 ciceronis
330 2131 469 2189 aetatem
487 2125 683 2207 respiciens:
703 2121 872 2190 Antonias
889 2122 1034 2207 Gnipho,
1054 2128 1106 2189 air
1125 2122 1205 2189 ‹loe-

145 2238 215 2310 taat,
235 2229 333 2316 cujus
353 2228 504 2297 scltolom
533 2228 654 2297 Cicero
678 2238 757 2314 post
781 2228 852 2312 fori
876 2228 1023 2295 latorem
1048 2226 1203 2314 frequen-

138 2337 234 2405 tabat
255 2336 293 2419 ⁶).
314 2337 428 2404 cicero
450 2344 554 2403 eutem
576 2340 655 2420 ipse,
672 2345 785 2422 gratus
804 2339 1037 2421 magistrorum,
1053 2341 1205 2420 quotquot

138 2448 181 2513 de
201 2466 237 2510 se
255 2444 375 2526 juvene
397 2447 513 2528 optime
533 2452 725 2526 meruerant,
753 2451 1019 2526 commemorator,
1047 2463 1109 2529 qua
1133 2450 1205 2508 tau-

139 2554 360 2620 tentatione
390 2552 569 2636 Gniphonis
596 2554 757 2619 immemor
784 2572 855 2617 esse
881 2553 993 2635 potuit,
1022 2552 1052 2616 si
1081 2552 1208 2615 adoles-

139 2680 279 2725 censeo
308 2661 462 2742 magistro
490 2679 567 2723 usus
593 2661 719 2742 fuisset,
746 2660 836 2741 cujus
864 2660 1006 2724 scholam
1032 2661 1085 2724 vir
1114 2660 1205 2723 adire

139 2788 207 2833 non
227 2768 376 2832 erubunt
406 2765 528 2832 contra
547 2787 628 2832 vero
650 2788 712 2852 qua
731 2769 859 2832 ratione
879 2769 933 2832 vir
952 2774 1107 2850 praetura
1133 2769 1206 2830 fun-

139 2893 223 2957 gens
244 2873 447 2956 acquiescere
468 2872 504 2936 in
524 2893 562 2937 eo
583 2873 740 2938 audiendo
752 2879 889 2955 poterat,
904 2890 995 2956 quem
1016 2873 1205 2935 adolescens

141 2999 299 3064 superare
333 2981 396 3047 sibi
429 2981 520 3045 visus
556 2987 652 3061 esset,
687 3000 779 3064 quum
810 2980 996 3044 institueret
1031 2976 1206 3042 Rhetorica

142 3089 250 3167 clere,
269 3106 348 3170 quae
369 3107 516 3170 magnam
533 3095 657 3169 partem
670 3090 834 3152 referrent
854 3087 945 3150 illius
965 3084 1205 3165 institutionem,

140 3196 330 3277 longissime
359 3212 439 3257 vero
466 3194 561 3257 simul
590 3192 788 3257 excederent
817 3188 867 3272 ⁷)t
913 3190 972 3255 llis
1009 3190 1205 3272 argumentis

165 3447 189 3565 Ξ)
209 3444 259 3507 oa
280 3445 317 3509 a
338 3445 430 3509 anst.
454 3445 481 3510 1.

163 3527 539 3731 iffifflmam.

168 3694 193 3852 δῖ
211 3690 330 3839 lirul]
348 3691 485 3840 {sps

165 3856 190 3934 0)
211 3857 333 3923 satum.
352 3856 403 3923 ru.
427 3858 473 3922 m.

168 3942 192 4018 η
212 3939 335 4005 meaa
355 3940 415 4025 op.
435 3941 456 4008 ι.
476 3961 506 4027 p.
529 3940 576 4005 ro.
