2692 4666
517 877 737 943 cheat
778 876 815 938 V.

208 1020 250 1088 L.
270 1018 391 1090 Aelius
411 1022 501 1089 Stilo
522 1021 755 1088 Praeconinus
775 1015 982 1084 Herenniani
1003 1019 1130 1098 operis,

492 1132 528 1192 nt
548 1126 687 1203 nonar,
707 1131 836 1190 anoton

197 1257 385 1321 Paravimus
405 1257 498 1322 nobis
524 1257 610 1321 viam
639 1257 680 1320 ad
706 1261 907 1338 praesentem
935 1253 1197 1336 disquisitionem,

139 1365 173 1428 in
195 1383 257 1446 qua
278 1366 317 1427 de
336 1368 547 1446 praeceptore
568 1364 774 1428 Herenniano
796 1363 960 1445 agendum.
972 1367 1032 1425 est.
1052 1361 1092 1423 h.
1114 1360 1199 1423 Aelii

136 1471 328 1551 memoriam,
349 1471 543 1552 temporibus
564 1479 753 1553 corruptam,
775 1477 930 1552 quatenus
950 1487 1019 1532 eam
1033 1467 1126 1531 nobis
1144 1485 1200 1530 au-

135 1579 268 1661 tiquitas
290 1577 445 1658 servavit,
465 1577 634 1660 integram,
655 1584 690 1641 ut
711 1595 883 1660 speramus,
903 1576 1079 1639 retulimus.
1115 1576 1199 1651 Quo-

137 1683 224 1747 circa
244 1681 372 1746 facilius
390 1680 456 1765 jam
477 1702 520 1748 ex
541 1682 581 1746 iis
604 1703 683 1766 quae
710 1687 831 1765 patent,
859 1664 988 1763 assequi
1014 1680 1199 1761 poterimus,

137 1790 166 1853 si
186 1790 355 1873 quidinde
378 1791 419 1855 ad
440 1790 663 1855 illustrandum
685 1788 927 1854 Rhetoricornm
939 1792 1101 1853 auctorem
1120 1780 1200 1850 hau·

140 1896 208 1963 rire
229 1898 351 1963 licebit

203 2005 294 2082 Quod
315 2006 354 2069 dc
384 2002 552 2088 Gniphone
580 2005 760 2089 suspicatus
787 2011 837 2068 est
862 2002 1043 2084 Schutnius,
1074 2003 1200 2066 adoles-

137 2112 223 2174 centi
241 2109 391 2177 Ciceroni
411 2116 650 2194 praeceptorem
670 2110 780 2191 fuisse,
800 2110 835 2174 id
862 2111 901 2173 de
930 2110 968 2172 L.
995 2107 1098 2187 Aelio,
1127 2110 1197 2192 ipso

137 2217 292 2282 Cicerone
315 2223 407 2297 teste,
428 2223 561 2281 constat
609 2219 770 2281 Interesse
792 2217 877 2280 enim
897 2218 1023 2281 solebat
1043 2217 1197 2280 orationi-

136 2323 203 2401 bus,
225 2342 302 2404 quas
324 2321 434 2386 Aelius
454 2323 607 2386 nobiliumn
628 2323 838 2386 Romanorumn
859 2323 967 2404 gratia
984 2323 1198 2403 componebat,

137 2430 398 2512 perstudioseque
412 2429 842 2494 eumaudiebatltloderante
859 2430 961 2511 igitur
974 2426 1075 2507 Aelio,
1085 2428 1199 2494 Cicero

137 2535 289 2597 oratoriis
311 2535 596 2600 exercitationibus
618 2554 686 2599 cum
707 2537 894 2619 aequalibus
922 2536 1051 2599 videtur
1071 2554 1200 2618 operam

142 2640 280 2704 dedisse.
320 2625 582 2717 Quemadmodum
608 2643 743 2708 Athenis
769 2650 889 2727 postea,
916 2643 1065 2707 hortante
1096 2649 1199 2726 patre,

138 2745 252 2811 cicero
273 2747 359 2810 filius
385 2767 448 2811 non
477 2753 578 2814 solum
605 2750 779 2835 principem
810 2751 1094 2834 Peripateticorum
1121 2750 1199 2815 (lra-

136 2852 257 2936 tippum
277 2852 435 2934 audiebat,
457 2874 568 2918 verum
590 2855 686 2920 etiam
706 2861 772 2918 tom
793 2855 919 2919 Graece
941 2855 1024 2939 apud
1045 2854 1201 2935 Cassium,

136 2966 202 3023 tum
222 2959 305 3041 apud
326 2959 485 3023 Bruttirun
504 2960 621 3024 Latine
643 2960 869 3026 declamitabat
884 2958 920 3041 ¹),
940 2962 988 3025 ita
1010 2962 1199 3025 adolescens

138 3065 208 3146 ipse
230 3065 345 3130 Cicero
366 3066 570 3146 peculiarem,
591 3071 744 3147 utsupra
772 3066 954 3145 monuimus,
982 3066 1109 3153 dicendi
1135 3085 1199 3130 ma-

137 3171 272 3251 gistrum
294 3173 423 3235 videtur
444 3172 567 3236 Aelium
587 3172 748 3236 habuisse.
769 3173 860 3235 Hanc
872 3173 1107 3236 institutionem
1125 3171 1200 3236 rhe-

139 3279 272 3341 toricam
293 3279 362 3341 siue
385 3279 479 3342 dubio
508 3280 717 3362 significabat,
748 3298 840 3362 anrm
861 3279 901 3342 dc
921 3279 1124 3344 incunabulis
1144 3298 1200 3343 ve-

140 3385 222 3448 teris
244 3404 320 3448 suae
342 3387 539 3469 puerilisque
561 3387 726 3450 doetrinae
748 3389 945 3469 loqueretur,
972 3387 1065 3450 etde
1087 3387 1199 3452 ordine

139 3495 389 3573 praeceptorum
411 3510 501 3573 quem
523 3509 565 3554 ex
587 3491 648 3554 illa
678 3490 832 3569 doctrina,
858 3497 999 3554 maturus
1030 3498 1137 3556 aetate
1167 3497 1200 3556 et

139 3597 278 3679 ingenio,
299 3598 403 3659 nollet
431 3604 579 3679 repetere
602 3595 640 3677 ²).
682 3596 856 3661 Rhetorica
888 3597 997 3679 igitrm,
1031 3616 1112 3680 quac
1138 3599 1200 3662 illa

141 3703 257 3767 aetatis
286 3701 471 3764 maturitate
500 3719 599 3782 puero
627 3701 690 3766 sibi
717 3706 773 3764 aut
801 3701 1042 3767 adolescentulo
1070 3722 1088 3766 e
1116 3723 1199 3768 com·

177 3858 205 4019 23
225 3858 275 4000 a
294 3853 470 4000 aar

324 3959 357 4000 ra
414 3981 420 3996 ·
463 3967 498 3999 ·'
