2692 4666
632 471 688 536 111.

387 594 651 664 conmemorans
670 597 711 662 dc
730 593 932 680 Praeque

523 717 651 784 Gellius
671 717 757 781 xvi.
776 721 807 782 8.

634 1058 687 1123 IV.

151 1183 285 1254 Indices
305 1205 407 1272 amer
426 1186 540 1254 Plauti
559 1182 695 1270 fabulis,
716 1204 801 1270 quoe
820 1181 974 1252 dicuntur
994 1180 1173 1270 ambacum.

534 1295 661 1360 Gellius
683 1297 739 1359 111.
759 1299 789 1357 8.

518 1441 773 1525 ..θ’

344 1782 611 1852 FRAGMENTA
631 1787 844 1854 luculum
865 1783 998 1854 suuis

648 1940 672 2005 1.

140 2064 414 2138 VARllodeL.
435 2066 477 2136 L.
503 2068 541 2137 V.
565 2069 733 2139 1s.MoV„

199 2171 392 2242 clauum
411 2176 533 2244 uictum
553 2177 673 2245 scribit
693 2176 824 2259 Aelius,
845 2176 931 2262 quod
951 2182 1001 2242 est
1022 2105 1198 2258 caelatum,

137 2288 206 2360 cut,
228 2284 400 2346 cannucio
421 2286 562 2361 nomine,
584 2283 737 2362 celatum,
760 2283 847 2368 quod
865 2288 1015 2378 comtum
1034 2288 1096 2348 est

215 2389 276 2455 llio
295 2390 414 2471 primus
436 2390 519 2473 apud
537 2393 715 2456 Varronem
734 2393 833 2472 locus,
853 2392 909 2456 ubi
929 2409 1097 2475 perperam
1117 2409 1199 2455 uon-

214 2495 298 2559 nnlli
319 2495 408 2558 colu
437 2490 569 2561 Aeuom
591 2495 724 2562 Gallum
750 2495 878 2565 habent.
920 2499 967 2562 ne
995 2517 1056 2579 quo
1086 2515 1198 2561 errore

215 2600 256 2663 cf.
276 2598 428 2681 Spengel.
450 2602 558 2665 Praei.
580 2603 665 2666 uuio
685 2626 715 2686 p.
735 2608 787 2670 51.
806 2606 939 2669 Miller.
955 2605 996 2668 ad
1013 2603 1045 2667 h.
1066 2605 1198 2667 Lreote

219 2707 378 2772 consentit
399 2728 467 2772 oum
488 2708 673 2794 Spengelio,
693 2713 817 2777 Aelium
836 2711 994 2779 Stilonem
1021 2711 1195 2794 cogitante.

219 2813 392 2881 lleimloch
430 2821 536 2880 tamen
567 2817 655 2882 Aelii
691 2819 783 2884 Galli
815 2819 1006 2902 fragmentis
1038 2816 1197 2882 Varronis

221 2922 324 2987 verba
352 2922 532 2987 vindicavit
550 2946 581 3006 p.
601 2931 642 3006 9.,
670 2932 704 2991 et
733 2947 812 3010 quae
842 2926 986 3009 proxime
1023 2929 1198 3008 sequuntur

173 3035 176 3039 '
217 3032 301 3114 apud
320 3032 510 3095 Varronem:
532 3027 609 3096 Non
628 3031 725 3111 mule,
753 3031 840 3116 quod
862 3035 1032 3114 posterior
1059 3025 1192 3108 Aelius,

217 3134 321 3200 multo
341 3139 454 3218 potius
475 3134 610 3201 caelare
630 3153 652 3200 a
672 3135 780 3214 caelo,
801 3153 899 3220 quam
927 3133 1056 3200 coelura
1075 3151 1099 3198 o
1119 3150 1196 3200 cac-

217 3239 329 3319 lando,
350 3241 437 3306 Aelii
457 3243 595 3309 Stilonis
616 3263 688 3307 esse
710 3243 885 3309 arbitratus
913 3248 971 3306 est
992 3264 1022 3326 p.
1042 3247 1093 3307 4st
1135 3242 1198 3307 Ve-

217 3367 295 3427 rum,
318 3348 380 3410 etsi
401 3350 516 3415 misere
532 3350 727 3433 depravatus
748 3371 787 3417 ac
806 3353 878 3415 fere
899 3350 1086 3434 desperatus
1107 3351 1197 3414 locus

220 3455 271 3533 sit,
293 3460 398 3517 tamen
420 3456 481 3519 illa
502 3456 621 3539 duplex
634 3456 720 3521 Aelii
740 3458 857 3521 mentio
879 3475 1028 3540 perquam
1049 3462 1199 3539 suspecta

221 3565 278 3639 est,
298 3559 489 3642 faciliusque
510 3561 544 3624 in
565 3561 700 3625 Milleri
722 3561 861 3624 lectione
877 3561 1114 3644 acquiescimus.
1126 3561 1198 3625 viu

217 3665 337 3749 scalig.
358 3665 435 3748 App.
458 3667 499 3730 acl
520 3665 661 3748 conjecto
688 3668 723 3731 in
749 3669 771 3732 1.
799 3668 854 3731 IV.
879 3688 909 3750 p.
938 3673 1007 3733 m.
1049 3666 1198 3733 Ceteram

219 3772 376 3835 nomndua
398 3771 524 3837 Plinius
545 3772 627 3837 llist
654 3772 726 3836 Nat
757 3773 797 3835 11.
822 3773 861 3851 5„
888 3771 942 3853 qui
971 3772 1110 3837 Varroni
1138 3773 1198 3837 tri-

221 3877 297 3956 buit,
319 3878 400 3961 quod
421 3879 526 3974 Varro
547 3877 577 3944 h.
599 3880 621 3940 1.
642 3877 735 3944 Aelio
756 3879 918 3948 adscribit.
