2692 4666
518 375 568 395 ..
616 341 666 412 25
712 373 763 396 ..-

111 511 171 578 bat
193 507 230 588 ¹),
259 506 460 573 hauddubie
481 505 542 570 bac
563 511 670 570 aetate
696 459 867 587 praecipuo
893 507 964 569 loco
991 506 1177 587 habebatur,

108 607 251 698 itemque
272 613 369 679 Ennii
390 612 542 692 Annales,
562 616 734 695 populares
754 613 808 682 illi
829 619 862 676 ct
882 614 1030 677 maximis
1051 633 1176 696 semper

36 782 45 805 ,
109 720 260 792 laudibus
281 719 446 798 celebrati,
467 719 566 783 certis
590 718 701 781 diebus
728 717 764 781 in
791 728 908 799 magna
927 717 1084 782 bominum
1110 722 1176 783 iro-
1227 724 1228 728 ’

36 818 70 885 “ἶ’·.·-
95 828 246 915 *quentia
271 826 561 909 pronuntiabantur
582 822 625 905 2);
654 816 750 906 'quem
776 844 895 887 morem
921 826 1098 890 diutissime
1127 827 1176 891 vi-

57 914 85 1011 J.
103 931 234 1000 dentur
260 934 444 1012 retinuisse,
471 933 618 1014 quoniam
650 932 788 995 [iunium
815 919 854 996 ut
885 934 1054 998 idomenus
1085 952 1176 1003 mum

53 1035 63 1061 ’
85 1043 260 1112 colebant
281 1039 318 1120 3).
348 1037 510 1104 Credibile
532 1045 590 1116 est,
610 1039 646 1102 in
666 1039 835 1108 literarum
856 1040 948 1102 ludos
968 1040 1048 1103 haec
1068 1042 1178 1106 studia

104 1151 275 1232 migrasse,
295 1154 390 1230 utque
411 1167 476 1210 non
496 1146 741 1210 delectationem
762 1152 892 1225 tantum,
915 1148 971 1210 sed
992 1148 1174 1213 uberiorem

106 1258 205 1330 mium
226 1256 378 1319 utilitatis
403 1256 540 1319 fructum
569 1260 734 1334 poetarum
761 1255 860 1319 lectio
887 1254 1027 1332 afferret,
1055 1255 1090 1318 in
1116 1274 1176 1319 usu

106 1364 210 1432 inisse
225 1363 509 1445 praeceptoribus,
537 1379 593 1427 eas
625 1361 761 1424 maxime
792 1362 908 1425 tersus
940 1364 981 1425 ad
1016 1362 1179 1444 scribendi

109 1452 321 1539 initiationem
340 1469 506 1550 discipulis
526 1486 714 1549 proponere,
735 1469 790 1551 qui
810 1471 1025 1550 non‘oti'osas,
1044 1471 1102 1532 sed
1122 1467 1179 1532 bo-
1207 1481 1212 1491 ’
1232 1543 1234 1548 ,

106 1583 233 1662 mann
254 1572 377 1666 aliquid
398 1576 493 1639 etad
513 1575 601 1639 vitae
630 1595 719 1639 usum
745 1577 825 1641 utile
855 1583 1021 1641 mouentes
1051 1583 1179 1641 senten·

111 1685 177 1757 tias
196 1681 407 1763 baberenti).
427 1685 606 1749 valuerunt
622 1683 732 1747 eodem
752 1683 839 1775 dicta
859 1685 1018 1748 claromnn
1039 1685 1182 1749 uirorum

111 1798 147 1856 ct
164 1776 365 1857 istiusmodi
406 1791 479 1870 loci,
522 1790 634 1873 quibus
674 1791 917 1872 pronuntiandis
951 1793 1182 1874 memoriaeque

109 1897 298 1973 audendis
319 1897 525 1961 erudirentur
541 1893 694 1974 juvenum
713 1893 854 1974 ingenia,
880 1892 989 1959 animi
1008 1903 1112 1960 autem
1139 1896 1181 1961 ad

115 1980 288 2080 Maleum
307 2001 513 2069 humanitatis
535 2020 661 2065 sensum
682 2002 911 2079 emollirentur.
938 2056 940 2063 ,
1206 2075 1208 2079 .

170 2110 381 2177 Florentibus
406 2109 497 2172 hisce
525 2109 640 2171 studiis
669 2109 807 2171 accessit
835 2110 1032 2190 paulopost
1061 2125 1178 2190 prosae

51 2218 54 2223 ’
104 2219 270 2308 ν,οηςὶοιιὶει
297 2235 374 2281 cura
408 2222 441 2279 et
473 2217 708 2297 interpretatio.
749 2216 913 2280 ilistorica
950 2234 1049 2296 opera
1085 2215 1180 2280 Fabii
1306 2290 1309 2296 ,

112 2326 263 2404 rimaris,
291 2323 394 2389 cincii
420 2322 581 2401 Alimenti,
615 2325 806 2404 praesertim
839 2320 971 2387 Catonis
986 2323 1122 2404 ¹scripta
1148 2326 1183 2386 ct

110 2434 290 2510 orationes,
311 2450 389 2513 quas
409 2429 471 2494 hoc
491 2431 594 2512 magis
615 2432 774 2494 intererat
799 2431 863 2494 rite
891 2448 1094 2512 cognoscere,
1121 2449 1184 2512 quo

111 2539 155 2603 ad
173 2537 305 2603 civilem
321 2536 432 2614 -vitam
452 2535 583 2616 propius
604 2535 818 2616 pertinebant,
841 2536 877 2614 in
897 2536 1103 2617 plurimorum
1123 2544 1179 2600 no-

116 2645 231 2723 titiam,
252 2643 441 2707 assiduitate
465 2648 559 2724 atque
581 2642 740 2710 industria
766 2640 986 2724 interpretum,
1012 2643 1182 2724 pervenie-

104 2755 202 2823 bant.
229 2754 342 2834 ltaque
362 2769 459 2832 quum·
476 2768 520 2813 ex
540 2748 652 2812 harum
672 2769 780 2813 rerum
808 2751 1069 2815 commentatione
1096 2751 1180 2832 pris·

114 2861 185 2927 tina
205 2843 312 2921 studia
331 2855 611 2937 amplificarentur,
632 2855 823 2936 uberiorque
844 2855 918 2917 inde
941 2855 1112 2935 disciplina
1133 2856 1179 2917 ef-

113 2964 310 3043 floresceret,
338 2961 561 3040 Grammatica,
589 2966 673 3023 teste
700 2963 847 3025 Varrone
869 2959 905 3041 ⁵),
927 2962 1064 3024 scientia
1077 2963 1178 3043 'quae-

115 3074 187 3167 dam
206 3066 305 3135 debat
325 3089 442 3150 eorum,
464 3088 544 3150 quae
566 3068 719 3153 a'poetis,
745 3067 909 3131 historicis
937 3068 1180 3150 oratoribusque

120 3205 355 3223 m

151 3283 295 3371 ¹)Eptst
318 3295 358 3354 11.
384 3296 409 3356 i.
430 3311 458 3353 v.
481 3289 530 3353 68

121 3370 179 3453 ²)
202 3371 327 3436 Snetl.
346 3374 367 3436 l.
748 3394 750 3397 ·
1123 3394 1127 3401 ·

152 3455 331 3532 ⁸)Casaub.
353 3456 393 3516 ad
413 3455 498 3517 Suet.
520 3453 539 3516 l
561 3453 581 3517 1
608 3453 762 3514 Recitatio
787 3453 879 3513 baec·
890 3451 1090 3515 Aradium
1077 3475 1110 3514 an
1139 3475 1186 3514 eo·

95 3594 99 3599 .
164 3557 279 3597 »rama
300 3538 560 3598 cirammetaatiarre
586 3555 698 3596 morem
726 3534 914 3598 Graecorum
947 3536 1186 3617 Rhapsodoram

199 3621 234 3680 ira
261 3621 434 3681 Homericis
459 3618 593 3680 veriibm
596 3621 854 3699 procamiandis
880 3620 1038 3697 referebat.
1069 3619 1184 3689 Quare
1268 3655 1271 3659 ι

201 3710 239 3763 act
255 3705 376 3781 facere
363 3723 396 3767 aa
418 3701 561 3771 Graecia,
582 3704 637 3782 qai
654 3701 842 3764 Homeristae
863 3702 1051 3770 dicebantur,
1078 3703 1123 3762 sic
1151 3702 1184 3761 ia

174 3785 304 3881 :Idalia
324 3785 603 3867 qaiErmiaaistae.
625 3784 670 3846 Cf.
693 3783 808 3844 Gellius
829 3785 902 3849 ΧΗ
924 3785 952 3845 5.

66 3864 201 3919 q*
233 3868 303 3930 'nt
324 3872 402 3931 lnst
420 3872 494 3933 1.1
505 3869 568 3929 tin.
589 3865 635 3928 Cf.
658 3868 747 3928 Auci.
770 3867 809 3927 ad
828 3866 899 3930 Her.
922 3864 976 3932 lV
997 3865 1025 3927 4

10 3952 19 3991 ι·
118 3988 187 4091 43
151 3930 313 4091 Aliud
313 3949 501 4060 Victorinum
522 3947 559 4011 de
581 3947 720 4030 Orthogr.
742 3950 804 4011 init

55 4110 135 4147 μ’,

263 4146 320 4179 ..Γ

246 4180 273 4225 ψ’
299 4168 316 4201 ¹⁸¹⁹
