2692 4666
551 336 797 411 ...94-

140 514 224 596 quod
244 513 432 577 commodius
454 499 541 575 esset
561 513 596 575 im
624 510 685 576 hoe
710 512 805 592 libro,
830 509 865 575 id
889 515 1032 574 nostrrrm
1058 527 1125 573 nou
1153 524 1208 572 es-

138 618 208 684 set“
231 617 267 700 ¹).
288 619 383 683 Patet
402 619 513 701 igitur,
535 625 680 701 quartum
699 619 816 685 litum
836 619 938 682 solum
959 616 1146 699 significari,
1168 621 1207 679 et

138 725 338 810 proprioru
359 728 575 808 exemplorum
595 746 685 789 usum
705 726 746 790 ori
770 727 1037 808 praeceptionem
1063 722 1102 787 de
1129 720 1201 786 elo-

138 835 271 897 cutione
290 834 418 897 referri.
439 835 477 896 lm
499 833 716 916 superioribus
736 832 833 897 libris
854 832 922 894 alia
948 830 1073 902 obtinet
1097 829 1203 906 ratio;

139 939 283 1021 spottis
310 939 394 1004 euim
418 940 556 1021 plurima
584 941 732 1022 exempla
758 945 918 1019 petuntur,
945 939 1058 1021 quibus
1086 941 1205 1019 quarto

137 1046 223 1111 libro
245 1048 374 1112 nonnisi
395 1050 504 1127 semel,
525 1048 579 1112 ubi
600 1047 683 1111 vitiu
703 1046 936 1129 perstringenti
956 1046 991 1109 id
1017 1045 1118 1109 licere
1154 1045 1205 1108 af-

139 1154 252 1232 firmat,
273 1160 385 1216 auctor
405 1163 480 1218 usus
503 1160 553 1217 est
574 1151 612 1233 2).
655 1157 831 1218 Praeterea
851 1154 885 1216 iu
905 1153 1018 1217 iisdem
1038 1153 1110 1234 ipsa
1132 1169 1207 1216 ora·

139 1264 243 1323 torum
264 1261 459 1343 aliorumque
480 1260 584 1326 verba
603 1266 758 1341 usurpata
779 1279 860 1338 esse,
882 1259 1002 1342 duplex
1023 1260 1205 1339 exemplum

137 1368 266 1449 probat.
282 1367 425 1430 Alterum
446 1367 532 1430 libro
554 1366 691 1429 seeundo
714 1365 758 1445 3);
789 1365 893 1430 Nemo
914 1370 1025 1449 potest
1052 1383 1118 1428 uuo
1146 1363 1206 1429 od-

139 1479 268 1556 speeto,
298 1490 403 1554 oeque
433 1477 654 1555 praeteriens,
683 1476 732 1538 inv
747 1490 890 1536 amorem
918 1471 1072 1536 incidere.
1114 1473 1207 1536 Haeo

138 1580 249 1656 verbo,
271 1598 351 1659 quae
373 1598 438 1642 non
458 1579 566 1643 addito
589 1581 729 1642 auctoris
749 1580 874 1644 momine
896 1579 1078 1658 laudantur,
1089 1574 1205 1644 Curio-

138 1687 190 1749 nis
222 1704 294 1748 esse
310 1703 380 1766 ,pro
400 1685 478 1775 Ser.
506 1687 623 1750 Fulvio
651 1686 689 1750 (le
716 1688 853 1767 inoestu,
878 1686 1025 1750 doeemur
1054 1704 1074 1748 a
1110 1685 1204 1750 Cice·

137 1810 217 1856 rone
238 1790 279 1866 ⁴).
313 1794 467 1872 Alterum,
495 1794 576 1877 quod
598 1794 708 1858 eodem
733 1794 819 1859 libro
841 1800 909 1857 eet:
930 1791 1025 1856 Nihil
1046 1795 1133 1856 emim
1154 1790 1206 1856 ta·

139 1917 256 1984 etymo
291 1903 394 1964 eitius
423 1904 549 1966 erescit
573 1899 611 1981 ⁵),
640 1921 660 1966 a
695 1901 851 1967 Cicerone
878 1899 1003 1964 rhetori
1032 1901 1205 1982 Apollonio

138 2004 320 2071 vindicatur
342 2003 381 2087 ⁶).
991 2024 992 2031 ¹

199 2115 258 2176 His
275 2113 341 2195 jam
363 2115 595 2191 animadversis
618 2115 658 2178 ad
678 2119 870 2195 postremum
890 2118 1118 2194 argumentum,
1139 2131 1202 2196 quo

138 2227 251 2284 nostra
278 2222 393 2285 nititur
427 2221 618 2302 conjectura,
652 2221 856 2284 revertimur.
898 2222 937 2283 lu
972 2220 1092 2284 duobus
1120 2221 1204 2285 euim

69 2371 72 2377 .
138 2327 300 2408 prioribus
321 2329 416 2393 libris
438 2330 573 2392 maxime
595 2347 654 2391 mos
676 2326 818 2390 advertit
838 2326 958 2389 iterata
979 2330 1015 2402 Q.
1032 2326 1203 2408 Caepionis

138 2435 264 2498 mentio.
286 2435 331 2496 Ae
353 2435 432 2497 duas
454 2435 579 2518 quidem
600 2435 747 2497 diversas
769 2452 892 2512 causas,
906 2434 947 2497 ad
969 2453 1047 2515 quas
1069 2435 1199 2523 saepius

138 2541 319 2621 respicitur,
340 2542 509 2610 memorari
529 2546 628 2621 patet.
647 2538 762 2602 Altera
784 2545 834 2602 est
855 2540 895 2602 aul
922 2541 1066 2604 tribunos
1093 2540 1201 2622 plebis

139 2645 179 2709 de
201 2646 370 2709 amissione
403 2647 565 2709 exereitus
589 2644 630 2726 7);
657 2664 717 2728 quo
743 2645 864 2726 judicio
885 2665 969 2728 ⁴reus
995 2648 1100 2709 faetus
1130 2652 1204 2711 erat

141 2754 177 2828 Q.
200 2751 327 2835 Caepio,
349 2753 402 2835 qui
424 2752 544 2819 Consul
565 2773 596 2818 a.
617 2753 653 2816 U.
672 2756 737 2816 648
756 2758 889 2834 propter
918 2773 986 2816 rem
1014 2755 1098 2818 male
1130 2774 1205 2836 ges·

138 2864 204 2924 tom
225 2860 381 2924 adversus
403 2861 556 2941 Cimbros,
577 2866 611 2923 et
631 2861 703 2924 auri
730 2861 886 2924 Tolosani
911 2862 1045 2940 crimen,
1073 2861 1204 2926 damua-

137 2971 190 3029 tus
217 2968 294 3031 urbe
324 2969 422 3032 cessit
443 2964 480 3049 ⁸).
521 2967 636 3033 Altera
663 2987 760 3033 eausa
787 2973 837 3031 est
865 2970 901 3044 Q.
928 2967 1111 3050 Caepionis,
1136 2989 1203 3034 ma»

177 3188 201 3264 1)
223 3186 255 3246 C.
278 3186 306 3248 7.

173 3269 198 3346 2)
220 3267 254 3328 C.
275 3266 326 3328 12.
387 3344 390 3350 .

171 3347 266 3510 33.
274 3349 351 3492 ²1¹...
374 3431 395 3493 ι.
416 3434 465 3495 m

176 3515 198 3593 5)
221 3514 253 3575 C.
276 3515 325 3576 30.
347 3521 405 3576 ext

175 3597 198 3675 ο)
221 3596 267 3664 De
289 3596 349 3656 inv.
371 3596 392 3656 Ι.
414 3598 462 3658 55.

174 3683 197 3760 ⁷)
219 3679 242 3744 l.
266 3680 313 3740 lt.
392 3676 397 3686 '

171 3761 196 3840 8)
218 3761 272 3823 Cff.
294 3763 396 3824 Auett.
417 3761 496 3823 laud.
524 3761 614 3824 Orell.
637 3762 743 3824 Onom.
765 3763 841 3825 Tuli.
861 3784 889 3844 p.
913 3763 973 3825 540
994 3765 1022 3826 b.
1062 3762 1201 3827 tustinus

220 3843 354 3906 xxxii.
376 3844 406 3909 3.
426 3845 499 3912 Aur.
527 3844 606 3907 vict.
634 3846 712 3907 Virr.
739 3845 781 3907 iit
811 3846 859 3910 73.
889 3846 1007 3908 Clinton
1042 3846 1101 3927 Op.
1120 3847 1139 3908 Ι.
1162 3845 1196 3907 ΙΙ.

223 3946 252 4006 p.
275 3925 344 3988 too.
366 3927 526 3991 Schlosser
546 3927 605 4008 Op.
626 3930 644 3990 l.
666 3927 700 3990 il.
721 3929 750 3991 2.
771 3949 800 4010 p.
823 3929 890 3992 314.
