2692 4666
473 312 587 407 ᾖ,
636 341 688 413 87
736 372 787 390 ...

139 516 311 579 illustrata
331 513 405 575 sint.
445 511 647 576 ASchutaio
668 511 750 576 baec
767 514 877 595 operis
905 513 1080 594 antiquitas
1107 530 1199 575 acca

140 627 217 685 ratc
237 621 410 701 explorata
430 624 464 682 et
486 619 704 683 demonstrata
733 625 792 697 est,
818 620 877 683 illo
905 621 987 696 loeo,
1013 638 1073 700 quo
1101 623 1208 681 osten·

141 729 222 791 dere
267 733 409 803 concurr,
452 725 638 792 ciceronem
678 727 786 808 potius
828 727 1027 794 Herenniani
1064 724 1206 788 doctoris

140 854 222 916 opus
245 834 353 898 videri
373 833 584 914 supplevisse,
608 853 700 914 quarn
720 831 804 896 hunc
831 833 922 896 illius
951 833 1053 896 verba
1080 837 1207 895 watra·

140 943 234 1005 xisse
248 942 295 1020 ¹).·
305 943 421 1005 Nullus
436 941 520 1007 eninr
540 946 649 1004 exstat
666 943 765 1018 locus,
780 940 835 1003 ubi
850 945 1039 1021 praeceptor
1051 938 1209 1009 llercnnii

141 1049 278 1112 Latinos
299 1049 381 1111 artis
402 1048 577 1128 scriptores
597 1053 764 1123 memoret3
783 1049 901 1125 nullus,
929 1046 1011 1109 unde
1040 1044 1209 1128 probabile

140 1158 209 1235 frat,
229 1161 286 1218 aut
306 1155 510 1236 suspicemur,
537 1155 574 1217 in
600 1154 769 1216 consilium
798 1171 948 1235 usumque
978 1152 1018 1216 ab
1046 1171 1085 1214 eo
1110 1169 1208 1245 voca3

141 1269 203 1326 tos.
224 1261 349 1331 Contra
367 1262 511 1326 Graecos
530 1262 638 1324 fontes
658 1261 789 1340 indicat,
810 1260 955 1343 sequitur
974 1259 1105 1342 partim,
1129 1275 1208 1341 par·

141 1370 199 1433 tim
221 1369 397 1449 improbat3
416 1369 576 1431 rationem
596 1383 852 1451 amoremque
867 1368 903 1431 in
923 1365 1121 1449 exponendis
1134 1363 1210 1429 rba-

140 1477 266 1538 taricae
287 1475 433 1556 partibus
453 1475 580 1538 versati
601 1480 676 1537 sunt
696 1474 825 1554 Graeci,
845 1476 959 1554 refert,
986 1491 1136 1555 suumque
1163 1471 1206 1535 il-

139 1584 245 1647 lorum
264 1581 434 1645 sententiis
454 1581 647 1645 sententiam
667 1582 797 1662 saepius
817 1581 958 1663 opponit
1000 1580 1057 1644 Sic
1084 1579 1121 1663 lu
1150 1595 1207 1641 ex,-

141 1690 257 1771 enplis
277 1689 437 1770 eligendis
458 1707 514 1750 our
536 1688 604 1750 suis
626 1706 718 1770 quarn
738 1689 856 1751 alienis
872 1687 1095 1766 maluerituti,
1115 1686 1206 1770 puid-

78 1825 83 1832 ·
142 1816 202 1879 que
223 1796 375 1858 commodi
396 1814 440 1858 ex
459 1793 520 1858 irae
540 1814 600 1858 sua
615 1795 742 1857 ratione
755 1801 917 1872 nascatur,
930 1795 1089 1859 adversus
1105 1794 1209 1858 Grae-

143 1923 197 1967 cos
228 1905 301 1966 fuse
331 1904 521 1985 prolixeque
550 1902 710 1978 detendit3
746 1902 809 1964 illa
843 1921 933 1980 vero,
968 1920 1049 1983 quac
1087 1901 1208 1965 Graeci

143 2011 317 2092 scriptores
343 2010 450 2073 inanis
474 1991 685 2091 'arrogantiae
715 2025 813 2070 causa
841 2008 903 2071 sibi
931 2007 1209 2086 assumsisscnta

143 2137 178 2181 se
198 2117 377 2200 repudiata,
398 2136 437 2179 ao
464 2117 690 2199 simpliciorem
715 2117 905 2179 tractandae
936 2116 1018 2178 artis
1044 2115 1131 2178 viam
1157 2115 1209 2177 in-

148 2232 276 2289 ventam
296 2225 406 2289 tradit.
439 2227 617 2288 Praeterea
644 2225 790 2306 queritur
815 2222 1065 2303 magnitudinem
1091 2222 1209 2303 operis,

145 2318 293 2416 produt
313 2332 501 2395 rectissimis
528 2332 685 2395 llerennii
714 2331 829 2397 studiis
857 2329 1072 2408 satisfaceret,
1101 2348 1209 2392 susce-

143 2440 253 2522 pisset
274 2439 329 2518 „Si
341 2440 464 2502 tardius
475 2439 582 2517 baec“‚
594 2440 709 2522 inquit,
728 2457 840 2521 „quam
855 2437 973 2515 studes,
986 2437 1208 2516 absolventru,

140 2554 206 2611 tum
224 2565 331 2609 rerum
349 2547 571 2628 magnitudini,
598 2553 664 2610 tum
689 2547 810 2609 nostris
841 2564 963 2629 quoque
991 2544 1208 2625 occupationi-

141 2655 199 2720 bus
219 2654 389 2735 assignare
410 2654 542 2719 debebis
565 2653 622 2733 ²)ss
642 2656 710 2718 Nec
729 2672 843 2735 parurn
869 2671 988 2735 operae
1010 2671 1049 2716 ac
1070 2652 1207 2717 difficul-

141 2762 218 2825 tatis
239 2761 397 2824 afferebat
423 2761 585 2841 scriptori,
611 2761 694 2842 quod
720 2763 844 2842 figuras
871 2759 1038 2838 orationis,
1067 2758 1205 2823 Graecis

139 2868 317 2941 nominibus
337 2868 520 2948 insignitas,
540 2867 669 2931 Latinis
690 2874 882 2930 convertere
903 2865 1081 2948 oportebat
1123 2869 1205 2944 „No-

138 2976 225 3039 mina
244 2993 351 3037 rerum
379 2974 526 3038 Graeca“
550 2975 598 3037 ait
616 2992 715 3056 „quae
736 2974 964 3051 convertimus,
984 2978 1109 3034 remota
1129 2979 1205 3036 sunt

141 3083 411 3146 aconsuetndine
431 3082 567 3146 Latina:
588 3101 669 3165 quae
692 3082 776 3146 enim
795 3100 852 3145 res
872 3080 954 3162 apud
980 3084 1110 3143 nostros
1137 3098 1203 3143 non

143 3195 244 3270 erant,
273 3207 381 3253 carum
405 3207 513 3251 rerum
545 3189 673 3251 nomina
698 3207 764 3251 non
798 3192 950 3270 poterant
976 3205 1049 3250 esse
1076 3187 1205 3252 usitata

138 3294 264 3378 ,Ergd‘
287 3295 377 3359 addit
402 3295 502 3375 ,baec
516 3281 795 3377 asperioraprimo
810 3293 982 3356 videantur
994 3312 1128 3357 necesse
1144 3301 1204 3373 est,

137 3403 231 3486 tuque
251 3403 309 3466 fiet
328 3403 388 3482 rei,
409 3423 473 3466 uon
492 3409 608 3467 nasus
626 3403 817 3466 fficrdtate
840 3398 896 3480 3).“
916 3401 1001 3465 llinc
1021 3403 1198 3483 colligitur,

174 3534 200 3654 ἒ)
220 3532 363 3676 ¹l’rppem.
383 3552 412 3613 p
435 3529 483 3592 53.
506 3531 555 3592 59.

176 3623 203 3778 δὲ
223 3658 277 3758 lV.
299 3659 328 3758 7.
349 3696 518 3759 Obscurius
539 3660 650 3756 dictum
670 3692 787 3756 videtur
812 3695 869 3766 rei,
895 3712 959 3755 nou
985 3701 1096 3755 uestra
1122 3692 1202 3772 stiffi

220 3780 339 3841 caltate.
360 3779 484 3859 conjeci
504 3777 678 3855 legendum:
697 3779 789 3859 idque
806 3779 924 3857 fietrei
934 3775 1127 3856 difficaltate,
1140 3793 1203 3834 ram

220 3871 325 3924 uestra
346 3861 447 3941 adpo
469 3860 658 3920 Vocabulum
680 3861 783 3940 coulpe,
804 3859 885 3940 quod
904 3859 979 3919 latct
1008 3859 1038 3919 in
1065 3856 1200 3937 difficul-

220 3953 291 4016 tate,
311 3945 444 4006 sortasse
464 3943 649 4007 librariorum
670 3943 905 4005 hallucinatione
921 3940 1039 4007 excidit
