2692 4666
501 318 783 401 ·—1oo-

118 500 282 581 ciceroni,
301 502 469 584 pristinam
489 503 576 568 delii
596 504 796 586 disciplinam
816 505 851 570 in
872 505 1040 572 scmbcndo
1060 511 1180 588 secuto,

115 611 252 676 brevius
272 610 550 694 imperfectiusque
571 612 752 677 exciderint
775 611 811 693 ¹).

178 715 249 795 llis,
269 716 372 798 quoad
391 717 557 798 potuimus,
584 718 753 800 expeditis,
781 718 958 783 accedimus
985 720 1026 784 ad
1052 726 1177 802 postra-

115 839 200 885 mam
226 822 452 904 quaestionem,
480 842 560 904 quae
594 822 762 905 plurimum
794 824 944 888 videatur
977 826 1178 891 difficultatis

114 928 246 992 habere.
289 928 461 1003 Quaeritur
487 929 578 1007 enim,
609 929 718 1011 quidni
747 935 907 993 auctorem
935 929 1178 999 Rhetoricommr

119 1036 161 1099 ad
181 1034 376 1098 Herennium
397 1034 516 1099 diserte
539 1034 755 1109 Quintilianus
775 1035 1000 1101 nominaverit.
1159 1118 1161 1123 ,

178 1140 314 1222 Saepius
346 1140 561 1216 Quintilianus
598 1138 771 1204 Rhetorica
811 1138 976 1204 Ciceronis
1013 1149 1177 1209 memorata

117 1249 237 1313 Nostra
266 1253 371 1310 antem
397 1246 534 1310 maxime
560 1246 665 1308 refert
691 1244 793 1326 ipsius
820 1247 859 1309 de
880 1246 940 1309 illo
970 1265 1066 1328 opere
1092 1247 1177 1327 judi-

118 1353 210 1417 civm.
257 1350 356 1428 Sunt,
386 1352 440 1430 ait,
467 1348 555 1414 uelut
581 1355 733 1432 repertae
759 1353 794 1415 tn
822 1349 884 1416 laos
912 1357 1176 1432 commentarios,

115 1477 199 1544 auos
219 1458 415 1524 adolescens
444 1452 638 1534 numerat,
663 1456 818 1534 scholam·
848 1464 880 1523 et
909 1463 942 1523 si
969 1477 1037 1543 qua
1064 1462 1115 1525 est
1140 1463 1178 1527 in

115 1564 170 1630 dis
195 1564 308 1648 eulpa,
335 1564 499 1630 tradentis
526 1569 578 1629 est
598 1560 636 1642 ²).
677 1563 761 1627 llinc
786 1565 988 1628 manifestum
1015 1570 1073 1645 est,
1102 1553 1178 1648 quid

115 1671 267 1736 universe
289 1671 329 1733 dc
350 1670 391 1733 iis
413 1668 650 1734 existimaverit
671 1669 898 1743 Quintilianus.
931 1672 1090 1735 ltlemorat
1111 1672 1177 1739 ulio

114 1781 189 1844 loco
216 1782 470 1844 commentarios
496 1794 685 1860 puerorum,
715 1778 751 1840 tn
787 1794 870 1858 auos
898 1795 951 1855 ea,
980 1797 1065 1863 quae
1098 1777 1177 1845 aliis

113 1884 375 1952 declamantibus
392 1884 527 1950 laudata
539 1891 628 1962 sunt,
644 1890 798 1966 superum
814 1881 850 1964 ³).
872 1887 982 1965 ltaque
1004 1885 1178 1953 ltlrctorica

115 1992 281 2058 Ciceronis
311 1992 440 2055 videtur
469 1991 504 2054 in
533 1989 827 2054 commentariorum
855 2008 985 2054 numero
1022 1991 1179 2072 posuisse,

114 2099 169 2180 qui
189 2118 253 2162 non
272 2100 403 2160 multum
424 2096 625 2161 erutoritatis
646 2095 812 2173 haberent,
834 2095 948 2178 quippe
964 2095 1099 2176 puerilis
1112 2096 1176 2159 dis-

116 2205 256 2286 ciplinae
282 2206 415 2282 fructus,
436 2222 500 2266 non
520 2200 703 2266 maturioris
720 2198 835 2279 judicii
856 2201 974 2280 proles.
1010 2201 1100 2276 Quod
1121 2220 1175 2265 au·

112 2315 178 2374 tem
202 2309 339 2376 sedulas
366 2315 526 2388 memorat,
556 2308 636 2372 satis
663 2308 736 2371 iude
773 2306 941 2370 evidenter
975 2315 1073 2390 patet,
1109 2329 1174 2375 non

113 2416 252 2498 scriptos
278 2417 442 2498 editosque
470 2415 573 2479 libros
609 2432 678 2477 eum
713 2411 928 2491 intellexisse,
956 2413 1013 2475 sed
1047 2413 1175 2479 inaudi-

112 2520 296 2599 diusculae,
316 2528 352 2584 ut
380 2521 508 2601 Gellius
535 2520 686 2600 appellat,
714 2516 903 2599 disciplinae
932 2517 1113 2584 rhetoricae
1134 2515 1175 2602 ⁴).

114 2628 286 2692 Probanda
311 2628 412 2709 igitur
440 2625 521 2691 haec
549 2626 729 2690 sententiae
749 2625 999 2708 interpretatio:
1034 2626 1068 2692 tvi
1094 2628 1173 2697 libri

149 2855 165 2891 1.

81 2930 85 2937 ’
146 2852 703 3015 ²3figgrans.fflmgclssolssavimus
732 2935 899 3019 Spaldingii
929 2937 1176 3011 emendationem,

194 3018 322 3100 legentis
337 3040 412 3102 quos
433 3040 486 3100 pro
507 3018 620 3099 vulgari
642 3040 726 3100 quur.
749 3019 794 3078 et
806 3019 964 3080 Burmann.
989 3017 1172 3081 Manendum

196 3107 305 3172 autem,
324 3104 401 3162 satis
421 3102 593 3181 impeditam
615 3100 788 3172 Quintiliani
810 3101 867 3161 loci
894 3103 1038 3161 rationem
1070 3100 1174 3174 videri

197 3203 273 3262 quae
303 3184 435 3246 sortasse
463 3185 694 3263 transpositione
721 3184 882 3263 corrigitur.
907 3182 1088 3264 v'l'urbatum
1109 3205 1176 3245 sen·

195 3268 352 3328 tentiamm
387 3267 520 3328 ordinem
555 3268 601 3327 sic
630 3265 746 3346 conjeci
776 3265 1001 3337 restituendum,
1041 3273 1075 3328 ut
1102 3273 1172 3348 post

195 3349 295 3419 verba,
318 3370 395 3429 quae
417 3371 434 3410 e
455 3350 550 3429 primo
573 3347 725 3408 Ciceronis
746 3347 910 3409 Rhetorica
931 3349 1108 3420 reseruntur,
1130 3349 1170 3411 le·

196 3437 297 3510 gatar:
320 3435 381 3492 ricc
403 3453 469 3491 eune
499 3433 598 3500 movit,
627 3431 711 3512 quod
734 3431 944 3510 Hermaporns
965 3466 1004 3476 —
1018 3434 1103 3516 Juris
1131 3434 1174 3492 im

193 3520 349 3592 cupreus.
378 3515 444 3576 Sed
471 3514 556 3595 quod
579 3514 676 3592 ipsius
696 3547 735 3556 -
758 3513 907 3576 tradentis
939 3522 992 3577 cst.
1034 3514 1100 3576 Sea
1128 3513 1175 3576 cz·-

196 3615 266 3655 ceno
287 3631 343 3656 -.
363 3595 442 3658 Puto
465 3597 542 3657 enim
570 3594 794 3667 Quintilianum,
826 3603 990 3660 memorato
1018 3596 1173 3657 Ciceronis

194 3675 270 3745 loco,
290 3679 413 3740 reddere
436 3698 558 3740 causam
580 3677 722 3749 voluisse,
743 3699 795 3739 cur
816 3679 974 3763 negotialis
994 3677 1052 3741 loci
1066 3676 1171 3739 Cicero

147 3842 159 3880 3
195 3759 284 3823 aliam
305 3762 581 3844 interpretationem
602 3763 813 3840 quaesivisset

148 3844 177 4003 4))
196 3846 238 3985 llll.
259 3843 307 3987 ii.
329 3924 526 3987 Beciclremus
547 3927 742 4005 exceptiones
763 3925 961 3987 scholasticas
983 3927 1078 4001 vocat.
