2692 4666
56 360 59 365 .
166 306 221 375 Ν

229 459 295 527 ser
315 459 454 523 instituti
473 459 545 535 nei,
559 459 589 521 si
610 466 705 522 vacat
725 477 763 521 ac
783 459 873 535 litet,
892 458 1049 539 originem
1070 462 1104 518 et
1123 455 1226 518 ratio-

167 612 239 659 ne!
263 593 374 675 paucis
403 591 520 672 accipe.
562 590 711 654 ciceroni
737 597 847 653 nostro
874 598 1038 672 postquam
1065 594 1139 650 ante
1167 585 1230 650 doc

170 726 329 793 biennium
345 722 602 804 jucundissimam
629 741 758 805 operam
784 738 991 798 navaveram,
1019 718 1156 781 discessi
1186 719 1229 781 ab

170 857 239 939 ejus
267 857 414 933 lectione,
442 864 591 937 tanquam
623 862 736 934 postea
768 853 808 914 ad
836 851 967 914 eandem
999 848 1120 930 majore
1161 869 1232 912 cum

173 989 348 1066 voluptate,
382 985 495 1066 quippe
524 982 564 1046 ad
599 982 758 1062 insignius
789 982 954 1044 doctrinae
981 981 1232 1053 emolumentum,

178 1119 348 1183 rediturus.
380 1118 511 1181 Interea
530 1115 650 1177 monuit
670 1133 719 1177 me
741 1113 887 1189 smnus,
909 1115 947 1177 V.
966 1113 1025 1191 cl„
1051 1130 1145 1193 ouum
1165 1109 1232 1172 alia

172 1247 206 1311 io
228 1246 401 1326 scriptione
422 1262 493 1305 mea
513 1241 552 1303 de
574 1243 729 1305 Cicerone
751 1241 935 1317 φιλοπλάιωνι
955 1241 1131 1321 probasset.
1152 1257 1232 1298 nou-

173 1378 245 1441 dum
266 1377 326 1440 sibi
349 1376 387 1436 de
410 1373 577 1455 Gniphone
599 1373 705 1454 operis
727 1373 925 1435 Herenniani
947 1380 1085 1442 auctore,
1113 1371 1148 1433 in
1170 1389 1230 1451 quo

177 1506 367 1571 vindicando
404 1503 557 1571 Schutnio
592 1521 695 1565 essem
732 1520 893 1578 assensus,
927 1520 1113 1584 persuasum
1148 1518 1232 1561 esse.

175 1640 245 1714 Qua
266 1656 326 1717 ego
348 1634 560 1699 admonitione
588 1634 756 1712 excitatus,
786 1633 913 1714 saepius
933 1652 1001 1695 rem
1022 1633 1234 1709 consideravi,

178 1768 278 1831 donee
309 1766 430 1829 erroris
457 1764 533 1827 mihi
562 1765 696 1841 conscio,
725 1769 758 1826 et
786 1765 820 1826 iu
851 1763 946 1826 aliam
975 1764 1079 1827 subito
1107 1769 1235 1826 senteu-

176 1899 255 1963 tiam
275 1917 380 1977 verso,
400 1897 485 1960 Aelii
505 1897 641 1962 Stilonis
663 1897 855 1961 Praeconini
875 1897 910 1959 in
937 1904 1073 1961 mentera
1099 1898 1236 1960 veniret.

176 2030 238 2097 llic
260 2036 298 2101 ct
323 2037 496 2113 temporum
522 2031 650 2095 illorrun
683 2030 826 2113 aequalis
853 2029 1020 2093 ferebatur
1049 2034 1082 2093 et
1112 2047 1133 2092 a
1161 2029 1235 2092 doc-

178 2162 284 2227 trinae
295 2163 395 2241 modo,
411 2182 500 2245 quem
517 2162 682 2227 referebat
703 2161 939 2225 Herennianum
953 2178 1039 2243 opus,
1050 2178 1115 2222 non
1130 2162 1236 2241 valde,

182 2298 290 2377 utpote
318 2294 548 2356 Grammaticus
579 2311 616 2354 ae
645 2290 774 2369 Rhetor,
804 2290 951 2355 diversus
984 2310 1054 2355 esse
1092 2297 1238 2374 poterat:

179 2400 247 2489 alia
267 2443 398 2506 quoque,
418 2423 545 2504 utrique
567 2420 748 2500 eommunia,
761 2420 911 2502 majorem
927 2423 1120 2487 evidentiam
1133 2424 1241 2487 tidem-

182 2534 242 2637 oue
263 2554 434 2616 faciebant.
455 2552 511 2616 Sic
523 2552 711 2633 plaudebam
730 2551 807 2615 mihi
829 2558 977 2636 tanquam
991 2554 1194 2637 εὖημερήσαντι,
1206 2561 1240 2618 et

181 2704 240 2749 acu
259 2704 327 2747 rem
348 2683 496 2766 tetigisse
517 2685 668 2761 videbam
690 2686 803 2768 quippe
826 2706 894 2749 cum
915 2706 962 2767 eo,
984 2705 1075 2795 quem
1095 2686 1171 2750 mihi
1185 2706 1241 2749 ve-

180 2836 249 2882 rum
261 2817 368 2899 operis
381 2823 540 2880 auctorem
560 2818 726 2896 finxeram,
748 2820 916 2884 constabat
936 2818 1086 2883 Ciceroni
1107 2818 1239 2901 aliquod

183 2950 356 3015 studiorum
368 2950 559 3015 consortium
570 2951 679 3030 fuisse,
693 2953 776 3037 quod
789 2953 889 3036 ipsum
901 2952 942 3017 ad
955 2950 1176 3033 explanandas
1190 2972 1242 3015 ce-

184 3087 273 3145 teras
296 3081 501 3144 difficultates
522 3100 615 3145 unum
627 3082 762 3147 maxime
781 3085 893 3147 valere
910 3081 986 3146 mihi
1002 3080 1241 3166 persuadebam.

182 3212 293 3297 ltaque
307 3230 370 3273 non
386 3218 457 3273 erat
471 3211 552 3294 quod
569 3230 711 3293 vererer,
727 3233 767 3276 ne
781 3213 986 3278 commentitii
1001 3213 1075 3295 quid
1092 3212 1244 3275 somnias-

185 3341 469 3424 minuentisque
483 3343 561 3405 meis
571 3342 673 3421 citius,
687 3362 778 3425 quam
790 3343 909 3426 potitus
925 3344 1247 3423 essem‚exturbarer.

383 3487 423 3559 'st
445 3496 613 3559 δυστάλαντα
634 3497 683 3573 τῆς
703 3498 769 3574 ἐμῆς
788 3492 950 3565 adauctae!

248 3639 310 3709 uic
339 3658 427 3716 vero,
454 3641 600 3719 Roversi,
628 3640 785 3705 continuit
816 3658 865 3705 me
899 3646 1044 3704 vctermn
1078 3643 1247 3724 sapientia,

190 3772 349 3854 officiique
370 3773 537 3857 praeclare
559 3772 728 3837 &mourut
758 3769 914 3853 Imprimis
935 3772 1027 3851 enim,
1049 3792 1138 3854 quem
1159 3792 1246 3856 nog-

186 3920 304 3991 noucre
326 3904 507 3970 admirabar
529 3903 723 3969 excellentis
742 3900 850 3983 operis
874 3909 1044 3981 auctorem,
1071 3901 1243 3978 Quintilia-
