<?xml version="1.0" encoding="UTF-8"?>
<!DOCTYPE html PUBLIC "-//W3C//DTD XHTML 1.0 Transitional//EN"
    "http://www.w3.org/TR/xhtml1/DTD/xhtml1-transitional.dtd">
<html xmlns="http://www.w3.org/1999/xhtml" xml:lang="en" lang="en">
 <head>
  <title>
</title>
<meta http-equiv="Content-Type" content="text/html;charset=utf-8" />
  <meta name='ocr-system' content='tesseract 3.04.00' />
  <meta name='ocr-capabilities' content='ocr_page ocr_carea ocr_par ocr_line ocrx_word'/>
</head>
<body>
  <div class='ocr_page' id='page_1' title='image "./disquisitiodela00claugoog_0040.png"; bbox 0 0 2692 4666; ppageno 0'>
   <div class='ocr_carea' id='block_1_1' title="bbox 88 517 1164 2314">
    <p class='ocr_par' dir='ltr' id='par_1_1' title="bbox 95 517 1164 1245">
     <span class='ocr_line' id='line_1_1' title="bbox 100 517 1164 607; baseline 0.007 -26"><span class='ocrx_word' id='word_1_1' title='bbox 100 517 157 581; x_wconf 92' lang='lat' dir='ltr'><strong>diu</strong></span> <span class='ocrx_word' id='word_1_2' title='bbox 178 517 403 599; x_wconf 85' lang='lat' dir='ltr'><strong>perdurarunt</strong></span> <span class='ocrx_word' id='word_1_3' title='bbox 437 523 504 585; x_wconf 85' lang='lat' dir='ltr'><strong>Nec</strong></span> <span class='ocrx_word' id='word_1_4' title='bbox 523 523 626 585; x_wconf 87' lang='lat' dir='ltr'><strong>minus</strong></span> <span class='ocrx_word' id='word_1_5' title='bbox 646 523 808 604; x_wconf 80' lang='lat' dir='ltr'><strong>principes</strong></span> <span class='ocrx_word' id='word_1_6' title='bbox 828 525 880 587; x_wconf 92' lang='lat' dir='ltr'><strong>illi</strong></span> <span class='ocrx_word' id='word_1_7' title='bbox 908 525 947 587; x_wconf 90' lang='lat' dir='ltr'><strong>dc</strong></span> <span class='ocrx_word' id='word_1_8' title='bbox 976 526 1164 607; x_wconf 89' lang='lat' dir='ltr'><strong>scriptormn</strong></span> 
     </span>
     <span class='ocr_line' id='line_1_2' title="bbox 99 628 1163 715; baseline 0.006 -27"><span class='ocrx_word' id='word_1_9' title='bbox 99 631 248 690; x_wconf 77' lang='lat' dir='ltr'><strong>veterina</strong></span> <span class='ocrx_word' id='word_1_10' title='bbox 270 628 536 711; x_wconf 78' lang='lat' dir='ltr'><strong>interpretatione</strong></span> <span class='ocrx_word' id='word_1_11' title='bbox 559 650 579 693; x_wconf 89' lang='lat' dir='ltr'><strong>a</strong></span> <span class='ocrx_word' id='word_1_12' title='bbox 600 649 634 692; x_wconf 88' lang='lat' dir='ltr'><strong>se</strong></span> <span class='ocrx_word' id='word_1_13' title='bbox 656 631 794 695; x_wconf 88' lang='lat' dir='ltr'><strong>invicem</strong></span> <span class='ocrx_word' id='word_1_14' title='bbox 820 631 1049 710; x_wconf 85' lang='lat' dir='ltr'><strong>dissenserunt,</strong></span> <span class='ocrx_word' id='word_1_15' title='bbox 1071 652 1163 715; x_wconf 86' lang='lat' dir='ltr'><strong>quum</strong></span> 
     </span>
     <span class='ocr_line' id='line_1_3' title="bbox 97 733 1163 820; baseline 0.006 -24"><span class='ocrx_word' id='word_1_16' title='bbox 97 733 308 797; x_wconf 76' lang='lat' dir='ltr'><strong>Aristarchus</strong></span> <span class='ocrx_word' id='word_1_17' title='bbox 341 755 431 799; x_wconf 92' lang='lat' dir='ltr'><strong>omne</strong></span> <span class='ocrx_word' id='word_1_18' title='bbox 454 735 607 816; x_wconf 90' lang='lat' dir='ltr'><strong>judicium</strong></span> <span class='ocrx_word' id='word_1_19' title='bbox 636 756 679 800; x_wconf 84' lang='lat' dir='ltr'><strong>ex</strong></span> <span class='ocrx_word' id='word_1_20' title='bbox 707 738 779 818; x_wconf 87' lang='lat' dir='ltr'><strong>ipsa</strong></span> <span class='ocrx_word' id='word_1_21' title='bbox 810 739 1009 820; x_wconf 77' lang='lat' dir='ltr'><strong>antiquitatis</strong></span> <span class='ocrx_word' id='word_1_22' title='bbox 1036 741 1163 802; x_wconf 90' lang='lat' dir='ltr'><strong>ratione</strong></span> 
     </span>
     <span class='ocr_line' id='line_1_4' title="bbox 95 845 1162 924; baseline 0.007 -21"><span class='ocrx_word' id='word_1_23' title='bbox 95 848 236 923; x_wconf 81' lang='lat' dir='ltr'><strong>peteret,</strong></span> <span class='ocrx_word' id='word_1_24' title='bbox 258 861 356 923; x_wconf 83' lang='lat' dir='ltr'><strong>eoque</strong></span> <span class='ocrx_word' id='word_1_25' title='bbox 386 845 662 924; x_wconf 82' lang='lat' dir='ltr'><strong>interpretationis</strong></span> <span class='ocrx_word' id='word_1_26' title='bbox 685 851 717 907; x_wconf 87' lang='lat' dir='ltr'><strong>et</strong></span> <span class='ocrx_word' id='word_1_27' title='bbox 738 846 966 909; x_wconf 84' lang='lat' dir='ltr'><strong>emendationis</strong></span> <span class='ocrx_word' id='word_1_28' title='bbox 994 846 1162 911; x_wconf 88' lang='lat' dir='ltr'><strong>consilium</strong></span> 
     </span>
     <span class='ocr_line' id='line_1_5' title="bbox 95 948 1162 1032; baseline 0.007 -21"><span class='ocrx_word' id='word_1_29' title='bbox 95 966 137 1011; x_wconf 88' lang='lat' dir='ltr'><strong>ac</strong></span> <span class='ocrx_word' id='word_1_30' title='bbox 157 948 281 1011; x_wconf 87' lang='lat' dir='ltr'><strong>modum</strong></span> <span class='ocrx_word' id='word_1_31' title='bbox 299 951 448 1027; x_wconf 82' lang='lat' dir='ltr'><strong>referret,</strong></span> <span class='ocrx_word' id='word_1_32' title='bbox 471 949 586 1014; x_wconf 78' lang='lat' dir='ltr'><strong>Grates</strong></span> <span class='ocrx_word' id='word_1_33' title='bbox 608 958 728 1030; x_wconf 89' lang='lat' dir='ltr'><strong>contra,</strong></span> <span class='ocrx_word' id='word_1_34' title='bbox 750 950 952 1032; x_wconf 83' lang='lat' dir='ltr'><strong>philosophia</strong></span> <span class='ocrx_word' id='word_1_35' title='bbox 965 953 1162 1031; x_wconf 64' lang='lat' dir='ltr'><strong>Stoicadre-</strong></span> 
     </span>
     <span class='ocr_line' id='line_1_6' title="bbox 96 1057 1161 1138; baseline 0.007 -21"><span class='ocrx_word' id='word_1_36' title='bbox 96 1060 160 1134; x_wconf 88' lang='lat' dir='ltr'><strong>tus,</strong></span> <span class='ocrx_word' id='word_1_37' title='bbox 189 1060 334 1118; x_wconf 75' lang='lat' dir='ltr'><strong>veterum</strong></span> <span class='ocrx_word' id='word_1_38' title='bbox 363 1057 554 1136; x_wconf 88' lang='lat' dir='ltr'><strong>scriptorum</strong></span> <span class='ocrx_word' id='word_1_39' title='bbox 581 1057 830 1138; x_wconf 85' lang='lat' dir='ltr'><strong>intelligentiam</strong></span> <span class='ocrx_word' id='word_1_40' title='bbox 860 1060 900 1120; x_wconf 86' lang='lat' dir='ltr'><strong>ad</strong></span> <span class='ocrx_word' id='word_1_41' title='bbox 928 1078 1017 1122; x_wconf 90' lang='lat' dir='ltr'><strong>usum</strong></span> <span class='ocrx_word' id='word_1_42' title='bbox 1039 1061 1161 1126; x_wconf 81' lang='lat' dir='ltr'><strong>&#39;doctri-</strong></span> 
     </span>
     <span class='ocr_line' id='line_1_7' title="bbox 97 1161 733 1245; baseline 0.002 -21"><span class='ocrx_word' id='word_1_43' title='bbox 97 1179 236 1245; x_wconf 85' lang='lat' dir='ltr'><strong>namque</strong></span> <span class='ocrx_word' id='word_1_44' title='bbox 257 1163 307 1225; x_wconf 93' lang='lat' dir='ltr'><strong>sui</strong></span> <span class='ocrx_word' id='word_1_45' title='bbox 329 1163 404 1226; x_wconf 89' lang='lat' dir='ltr'><strong>aevi</strong></span> <span class='ocrx_word' id='word_1_46' title='bbox 425 1163 675 1227; x_wconf 86' lang='lat' dir='ltr'><strong>accommodaret</strong></span> <span class='ocrx_word' id='word_1_47' title='bbox 697 1161 733 1244; x_wconf 88' lang='lat'><strong>¹).</strong></span> 
     </span>
    </p>

    <p class='ocr_par' dir='ltr' id='par_1_2' title="bbox 88 1268 1161 2314">
     <span class='ocr_line' id='line_1_8' title="bbox 161 1268 1161 1350; baseline 0.004 -17"><span class='ocrx_word' id='word_1_48' title='bbox 161 1268 277 1333; x_wconf 76' lang='lat' dir='ltr'><strong>Grates</strong></span> <span class='ocrx_word' id='word_1_49' title='bbox 297 1269 399 1350; x_wconf 81' lang='lat' dir='ltr'><strong>igitm·</strong></span> <span class='ocrx_word' id='word_1_50' title='bbox 418 1269 537 1350; x_wconf 89' lang='lat' dir='ltr'><strong>primus</strong></span> <span class='ocrx_word' id='word_1_51' title='bbox 559 1269 675 1348; x_wconf 91' lang='lat' dir='ltr'><strong>dicitur</strong></span> <span class='ocrx_word' id='word_1_52' title='bbox 703 1270 934 1335; x_wconf 82' lang='lat' dir='ltr'><strong>Grammaticae</strong></span> <span class='ocrx_word' id='word_1_53' title='bbox 962 1273 1099 1335; x_wconf 88' lang='lat' dir='ltr'><strong>studium</strong></span> <span class='ocrx_word' id='word_1_54' title='bbox 1126 1274 1161 1337; x_wconf 90' lang='lat' dir='ltr'><strong>in</strong></span> 
     </span>
     <span class='ocr_line' id='line_1_9' title="bbox 95 1374 1159 1463; baseline 0.006 -25"><span class='ocrx_word' id='word_1_55' title='bbox 95 1375 214 1440; x_wconf 76' lang='lat' dir='ltr'><strong>umen</strong></span> <span class='ocrx_word' id='word_1_56' title='bbox 234 1375 392 1439; x_wconf 89' lang='lat' dir='ltr'><strong>intulisse.</strong></span> <span class='ocrx_word' id='word_1_57' title='bbox 413 1374 480 1440; x_wconf 82' lang='lat' dir='ltr'><strong>Sub</strong></span> <span class='ocrx_word' id='word_1_58' title='bbox 501 1377 602 1458; x_wconf 83' lang='lat' dir='ltr'><strong>ipsam</strong></span> <span class='ocrx_word' id='word_1_59' title='bbox 624 1377 721 1440; x_wconf 73' lang='lat' dir='ltr'><strong>Ennii</strong></span> <span class='ocrx_word' id='word_1_60' title='bbox 740 1385 873 1441; x_wconf 90' lang='lat' dir='ltr'><strong>mortem</strong></span> <span class='ocrx_word' id='word_1_61' title='bbox 895 1380 934 1443; x_wconf 88' lang='lat' dir='ltr'><strong>ah</strong></span> <span class='ocrx_word' id='word_1_62' title='bbox 945 1379 1055 1443; x_wconf 83' lang='lat' dir='ltr'><strong>Attalo</strong></span> <span class='ocrx_word' id='word_1_63' title='bbox 1070 1382 1159 1463; x_wconf 84' lang='lat' dir='ltr'><strong>Rege</strong></span> 
     </span>
     <span class='ocr_line' id='line_1_10' title="bbox 95 1481 1161 1566; baseline 0.006 -21"><span class='ocrx_word' id='word_1_64' title='bbox 95 1482 140 1545; x_wconf 87' lang='lat' dir='ltr'><strong>ad</strong></span> <span class='ocrx_word' id='word_1_65' title='bbox 160 1481 313 1546; x_wconf 83' lang='lat' dir='ltr'><strong>Senatum</strong></span> <span class='ocrx_word' id='word_1_66' title='bbox 333 1482 458 1561; x_wconf 91' lang='lat' dir='ltr'><strong>missus,</strong></span> <span class='ocrx_word' id='word_1_67' title='bbox 479 1482 598 1545; x_wconf 79' lang='lat' dir='ltr'><strong>Romae</strong></span> <span class='ocrx_word' id='word_1_68' title='bbox 628 1484 731 1547; x_wconf 86' lang='lat' dir='ltr'><strong>fracto</strong></span> <span class='ocrx_word' id='word_1_69' title='bbox 761 1503 855 1548; x_wconf 86' lang='lat' dir='ltr'><strong>crure</strong></span> <span class='ocrx_word' id='word_1_70' title='bbox 884 1488 1007 1549; x_wconf 88' lang='lat' dir='ltr'><strong>resedit</strong></span> <span class='ocrx_word' id='word_1_71' title='bbox 1033 1488 1161 1566; x_wconf 88' lang='lat' dir='ltr'><strong>diutius,</strong></span> 
     </span>
     <span class='ocr_line' id='line_1_11' title="bbox 91 1590 1159 1675; baseline 0.007 -23"><span class='ocrx_word' id='word_1_72' title='bbox 91 1595 128 1652; x_wconf 90' lang='lat' dir='ltr'><strong>et</strong></span> <span class='ocrx_word' id='word_1_73' title='bbox 153 1607 214 1671; x_wconf 91' lang='lat' dir='ltr'><strong>per</strong></span> <span class='ocrx_word' id='word_1_74' title='bbox 242 1609 332 1652; x_wconf 92' lang='lat' dir='ltr'><strong>omne</strong></span> <span class='ocrx_word' id='word_1_75' title='bbox 360 1590 536 1670; x_wconf 85' lang='lat' dir='ltr'><strong>legationis</strong></span> <span class='ocrx_word' id='word_1_76' title='bbox 563 1595 685 1672; x_wconf 89' lang='lat' dir='ltr'><strong>tempus</strong></span> <span class='ocrx_word' id='word_1_77' title='bbox 718 1592 873 1673; x_wconf 90' lang='lat' dir='ltr'><strong>plurimas</strong></span> <span class='ocrx_word' id='word_1_78' title='bbox 903 1593 1047 1674; x_wconf 79' lang='grc' dir='ltr'><strong><em>ἅκρόασεις</em></strong></span> <span class='ocrx_word' id='word_1_79' title='bbox 1072 1595 1159 1675; x_wconf 83' lang='lat' dir='ltr'><strong>fecit,</strong></span> 
     </span>
     <span class='ocr_line' id='line_1_12' title="bbox 90 1697 1158 1781; baseline 0.006 -21"><span class='ocrx_word' id='word_1_80' title='bbox 90 1697 282 1779; x_wconf 83' lang='lat' dir='ltr'><strong>assidueque</strong></span> <span class='ocrx_word' id='word_1_81' title='bbox 316 1697 477 1775; x_wconf 86' lang='lat' dir='ltr'><strong>disseruit,</strong></span> <span class='ocrx_word' id='word_1_82' title='bbox 507 1716 545 1760; x_wconf 87' lang='lat' dir='ltr'><strong>ac</strong></span> <span class='ocrx_word' id='word_1_83' title='bbox 571 1699 721 1761; x_wconf 79' lang='lat' dir='ltr'><strong>Romanis</strong></span> <span class='ocrx_word' id='word_1_84' title='bbox 752 1702 897 1781; x_wconf 87' lang='lat' dir='ltr'><strong>exemplo</strong></span> <span class='ocrx_word' id='word_1_85' title='bbox 926 1702 987 1764; x_wconf 90' lang='lat' dir='ltr'><strong>fuit</strong></span> <span class='ocrx_word' id='word_1_86' title='bbox 1015 1704 1056 1765; x_wconf 90' lang='lat' dir='ltr'><strong>ad</strong></span> <span class='ocrx_word' id='word_1_87' title='bbox 1090 1703 1158 1766; x_wconf 92' lang='lat' dir='ltr'><strong>imi-</strong></span> 
     </span>
     <span class='ocr_line' id='line_1_13' title="bbox 92 1801 1158 1890; baseline 0.006 -23"><span class='ocrx_word' id='word_1_88' title='bbox 92 1805 225 1868; x_wconf 89' lang='lat' dir='ltr'><strong>tandum</strong></span> <span class='ocrx_word' id='word_1_89' title='bbox 244 1801 284 1883; x_wconf 80' lang='lat'><strong>2).</strong></span> <span class='ocrx_word' id='word_1_90' title='bbox 326 1804 493 1867; x_wconf 78' lang='lat' dir='ltr'><strong>Floruisse</strong></span> <span class='ocrx_word' id='word_1_91' title='bbox 524 1823 592 1867; x_wconf 91' lang='lat' dir='ltr'><strong>eum</strong></span> <span class='ocrx_word' id='word_1_92' title='bbox 620 1823 736 1886; x_wconf 87' lang='lat' dir='ltr'><strong>magua</strong></span> <span class='ocrx_word' id='word_1_93' title='bbox 762 1806 940 1869; x_wconf 91' lang='lat' dir='ltr'><strong>auditorum</strong></span> <span class='ocrx_word' id='word_1_94' title='bbox 966 1810 1158 1890; x_wconf 82' lang='lat' dir='ltr'><strong>frequentia,</strong></span> 
     </span>
     <span class='ocr_line' id='line_1_14' title="bbox 93 1911 1157 2005; baseline 0.007 -32"><span class='ocrx_word' id='word_1_95' title='bbox 93 1917 144 2005; x_wconf 52' lang='lat' dir='ltr'><strong>et=</strong></span> <span class='ocrx_word' id='word_1_96' title='bbox 157 1916 265 1992; x_wconf 87' lang='lat' dir='ltr'><strong>captos</strong></span> <span class='ocrx_word' id='word_1_97' title='bbox 292 1917 358 1973; x_wconf 90' lang='lat' dir='ltr'><strong>tum</strong></span> <span class='ocrx_word' id='word_1_98' title='bbox 384 1911 529 1974; x_wconf 83' lang='lat' dir='ltr'><strong>novitate</strong></span> <span class='ocrx_word' id='word_1_99' title='bbox 557 1911 616 1989; x_wconf 89' lang='lat' dir='ltr'><strong>rei,</strong></span> <span class='ocrx_word' id='word_1_100' title='bbox 646 1917 711 1974; x_wconf 90' lang='lat' dir='ltr'><strong>tum</strong></span> <span class='ocrx_word' id='word_1_101' title='bbox 739 1911 903 1976; x_wconf 87' lang='lat' dir='ltr'><strong>doctrinae</strong></span> <span class='ocrx_word' id='word_1_102' title='bbox 931 1917 1157 1996; x_wconf 85' lang='lat' dir='ltr'><strong>magnitudine,</strong></span> 
     </span>
     <span class='ocr_line' id='line_1_15' title="bbox 88 2015 1157 2101; baseline 0.006 -21"><span class='ocrx_word' id='word_1_103' title='bbox 88 2036 156 2101; x_wconf 82' lang='lat' dir='ltr'><strong>qua</strong></span> <span class='ocrx_word' id='word_1_104' title='bbox 175 2018 366 2099; x_wconf 84' lang='lat' dir='ltr'><strong>peregrinus</strong></span> <span class='ocrx_word' id='word_1_105' title='bbox 386 2015 477 2080; x_wconf 92' lang='lat' dir='ltr'><strong>homo</strong></span> <span class='ocrx_word' id='word_1_106' title='bbox 500 2018 687 2096; x_wconf 84' lang='lat' dir='ltr'><strong>excelleret,</strong></span> <span class='ocrx_word' id='word_1_107' title='bbox 709 2019 834 2099; x_wconf 87' lang='lat' dir='ltr'><strong>ingenti</strong></span> <span class='ocrx_word' id='word_1_108' title='bbox 862 2021 966 2083; x_wconf 90' lang='lat' dir='ltr'><strong>studio</strong></span> <span class='ocrx_word' id='word_1_109' title='bbox 996 2023 1157 2101; x_wconf 84' lang='lat' dir='ltr'><strong>imbuisse,</strong></span> 
     </span>
     <span class='ocr_line' id='line_1_16' title="bbox 88 2122 1158 2205; baseline 0.002 -17"><span class='ocrx_word' id='word_1_110' title='bbox 88 2125 191 2189; x_wconf 85' lang='lat' dir='ltr'><strong>facile</strong></span> <span class='ocrx_word' id='word_1_111' title='bbox 211 2124 420 2205; x_wconf 81' lang='lat' dir='ltr'><strong>intelligitur.</strong></span> <span class='ocrx_word' id='word_1_112' title='bbox 461 2122 527 2188; x_wconf 87' lang='lat' dir='ltr'><strong>Sed</strong></span> <span class='ocrx_word' id='word_1_113' title='bbox 549 2123 617 2204; x_wconf 88' lang='lat' dir='ltr'><strong>ejus</strong></span> <span class='ocrx_word' id='word_1_114' title='bbox 639 2124 840 2187; x_wconf 90' lang='lat' dir='ltr'><strong>commoratio</strong></span> <span class='ocrx_word' id='word_1_115' title='bbox 861 2127 978 2189; x_wconf 85' lang='lat' dir='ltr'><strong>ltomae</strong></span> <span class='ocrx_word' id='word_1_116' title='bbox 999 2147 1064 2189; x_wconf 88' lang='lat' dir='ltr'><strong>nou</strong></span> <span class='ocrx_word' id='word_1_117' title='bbox 1085 2148 1158 2191; x_wconf 92' lang='lat' dir='ltr'><strong>con-</strong></span> 
     </span>
     <span class='ocr_line' id='line_1_17' title="bbox 89 2229 1157 2314; baseline 0.001 -19"><span class='ocrx_word' id='word_1_118' title='bbox 89 2233 182 2296; x_wconf 91' lang='lat' dir='ltr'><strong>tinuo</strong></span> <span class='ocrx_word' id='word_1_119' title='bbox 203 2250 273 2295; x_wconf 86' lang='lat' dir='ltr'><strong>eam</strong></span> <span class='ocrx_word' id='word_1_120' title='bbox 294 2231 358 2294; x_wconf 86' lang='lat' dir='ltr'><strong>vim</strong></span> <span class='ocrx_word' id='word_1_121' title='bbox 378 2229 499 2295; x_wconf 87' lang='lat' dir='ltr'><strong>hahere</strong></span> <span class='ocrx_word' id='word_1_122' title='bbox 521 2232 633 2312; x_wconf 92' lang='lat' dir='ltr'><strong>potuit,</strong></span> <span class='ocrx_word' id='word_1_123' title='bbox 655 2236 690 2293; x_wconf 89' lang='lat' dir='ltr'><strong>ut</strong></span> <span class='ocrx_word' id='word_1_124' title='bbox 710 2237 784 2313; x_wconf 89' lang='lat' dir='ltr'><strong>post</strong></span> <span class='ocrx_word' id='word_1_125' title='bbox 811 2232 984 2295; x_wconf 86' lang='lat' dir='ltr'><strong>discessum</strong></span> <span class='ocrx_word' id='word_1_126' title='bbox 1014 2232 1082 2314; x_wconf 89' lang='lat' dir='ltr'><strong>ejus</strong></span> <span class='ocrx_word' id='word_1_127' title='bbox 1110 2235 1157 2296; x_wconf 91' lang='lat' dir='ltr'><strong>sic</strong></span> 
     </span>
    </p>
   </div>
   <div class='ocr_carea' id='block_1_2' title="bbox 87 2337 1158 2848">
    <p class='ocr_par' dir='ltr' id='par_1_3' title="bbox 87 2337 1290 2848">
     <span class='ocr_line' id='line_1_18' title="bbox 92 2337 1158 2424; baseline 0.001 -20"><span class='ocrx_word' id='word_1_128' title='bbox 92 2339 334 2404; x_wconf 80' lang='lat' dir='ltr'><strong>continuaretur</strong></span> <span class='ocrx_word' id='word_1_129' title='bbox 355 2337 452 2400; x_wconf 90' lang='lat' dir='ltr'><strong>totius</strong></span> <span class='ocrx_word' id='word_1_130' title='bbox 475 2337 665 2418; x_wconf 88' lang='lat' dir='ltr'><strong>disciplinae</strong></span> <span class='ocrx_word' id='word_1_131' title='bbox 686 2339 780 2418; x_wconf 91' lang='lat' dir='ltr'><strong>ratio,</strong></span> <span class='ocrx_word' id='word_1_132' title='bbox 801 2346 896 2421; x_wconf 89' lang='lat' dir='ltr'><strong>prout</strong></span> <span class='ocrx_word' id='word_1_133' title='bbox 917 2359 986 2402; x_wconf 88' lang='lat' dir='ltr'><strong>eam</strong></span> <span class='ocrx_word' id='word_1_134' title='bbox 1013 2342 1082 2424; x_wconf 89' lang='lat' dir='ltr'><strong>ipse</strong></span> <span class='ocrx_word' id='word_1_135' title='bbox 1109 2342 1158 2405; x_wconf 92' lang='lat' dir='ltr'><strong>iu-</strong></span> 
     </span>
     <span class='ocr_line' id='line_1_19' title="bbox 92 2444 1156 2528; baseline 0.001 -18"><span class='ocrx_word' id='word_1_136' title='bbox 92 2447 262 2510; x_wconf 86' lang='lat' dir='ltr'><strong>stituisset</strong></span> <span class='ocrx_word' id='word_1_137' title='bbox 282 2447 443 2508; x_wconf 90' lang='lat' dir='ltr'><strong>llacteuus</strong></span> <span class='ocrx_word' id='word_1_138' title='bbox 464 2445 579 2508; x_wconf 89' lang='lat' dir='ltr'><strong>imitati</strong></span> <span class='ocrx_word' id='word_1_139' title='bbox 601 2451 674 2507; x_wconf 89' lang='lat' dir='ltr'><strong>sunt</strong></span> <span class='ocrx_word' id='word_1_140' title='bbox 696 2444 878 2510; x_wconf 85' lang='lat' dir='ltr'><strong>Crateteum</strong></span> <span class='ocrx_word' id='word_1_141' title='bbox 898 2466 1024 2528; x_wconf 89' lang='lat' dir='ltr'><strong>morem,</strong></span> <span class='ocrx_word' id='word_1_142' title='bbox 1038 2455 1072 2511; x_wconf 92' lang='lat' dir='ltr'><strong>ut</strong></span> <span class='ocrx_word' id='word_1_143' title='bbox 1086 2468 1156 2513; x_wconf 93' lang='lat' dir='ltr'><strong>car-</strong></span> 
     </span>
     <span class='ocr_line' id='line_1_20' title="bbox 87 2550 1155 2638; baseline 0.003 -20"><span class='ocrx_word' id='word_1_144' title='bbox 87 2554 185 2633; x_wconf 87' lang='lat' dir='ltr'><strong>mina,</strong></span> <span class='ocrx_word' id='word_1_145' title='bbox 205 2571 315 2634; x_wconf 83' lang='lat' dir='ltr'><strong>pamm</strong></span> <span class='ocrx_word' id='word_1_146' title='bbox 336 2550 438 2615; x_wconf 88' lang='lat' dir='ltr'><strong>adhuc</strong></span> <span class='ocrx_word' id='word_1_147' title='bbox 459 2552 628 2633; x_wconf 89' lang='lat' dir='ltr'><strong>divulgata</strong></span> <span class='ocrx_word' id='word_1_148' title='bbox 649 2555 704 2616; x_wconf 85' lang='lat' dir='ltr'><strong>vel</strong></span> <span class='ocrx_word' id='word_1_149' title='bbox 733 2554 949 2618; x_wconf 88' lang='lat' dir='ltr'><strong>defunctorum</strong></span> <span class='ocrx_word' id='word_1_150' title='bbox 977 2557 1155 2638; x_wconf 87' lang='lat' dir='ltr'><strong>amicorum,</strong></span> 
     </span>
     <span class='ocr_line' id='line_1_21' title="bbox 88 2659 1155 2743; baseline 0.005 -19"><span class='ocrx_word' id='word_1_151' title='bbox 88 2662 147 2724; x_wconf 85' lang='lat' dir='ltr'><strong>vel</strong></span> <span class='ocrx_word' id='word_1_152' title='bbox 175 2660 205 2723; x_wconf 92' lang='lat' dir='ltr'><strong>si</strong></span> <span class='ocrx_word' id='word_1_153' title='bbox 230 2678 360 2741; x_wconf 87' lang='lat' dir='ltr'><strong>quorum</strong></span> <span class='ocrx_word' id='word_1_154' title='bbox 389 2659 525 2722; x_wconf 88' lang='lat' dir='ltr'><strong>aliorum</strong></span> <span class='ocrx_word' id='word_1_155' title='bbox 552 2660 753 2741; x_wconf 85' lang='lat' dir='ltr'><strong>probassent,</strong></span> <span class='ocrx_word' id='word_1_156' title='bbox 782 2662 968 2743; x_wconf 88' lang='lat' dir='ltr'><strong>diligentius</strong></span> <span class='ocrx_word' id='word_1_157' title='bbox 997 2670 1155 2728; x_wconf 89' lang='lat' dir='ltr'><strong>retracta-</strong></span> 
     </span>
     <span class='ocr_line' id='line_1_22' title="bbox 88 2752 1152 2848; baseline 0.004 -17"><span class='ocrx_word' id='word_1_158' title='bbox 88 2772 174 2847; x_wconf 84' lang='lat' dir='ltr'><strong>rent,</strong></span> <span class='ocrx_word' id='word_1_159' title='bbox 196 2785 234 2829; x_wconf 84' lang='lat' dir='ltr'><strong>ac</strong></span> <span class='ocrx_word' id='word_1_160' title='bbox 252 2767 391 2847; x_wconf 89' lang='lat' dir='ltr'><strong>legendo</strong></span> <span class='ocrx_word' id='word_1_161' title='bbox 406 2752 710 2848; x_wconf 52' lang='lat' dir='ltr'><strong>&#39;commentandoque</strong></span> <span class='ocrx_word' id='word_1_162' title='bbox 733 2769 829 2832; x_wconf 88' lang='lat' dir='ltr'><strong>etiam</strong></span> <span class='ocrx_word' id='word_1_163' title='bbox 856 2770 974 2832; x_wconf 89' lang='lat' dir='ltr'><strong>ceteris</strong></span> <span class='ocrx_word' id='word_1_164' title='bbox 1001 2778 1078 2835; x_wconf 89' lang='lat' dir='ltr'><strong>nota</strong></span> <span class='ocrx_word' id='word_1_165' title='bbox 1103 2775 1152 2835; x_wconf 87' lang='lat' dir='ltr'><strong>fa-</strong></span> 
     </span>
    </p>
   </div>
   <div class='ocr_carea' id='block_1_3' title="bbox 122 2946 1160 3854">
    <p class='ocr_par' dir='ltr' id='par_1_4' title="bbox 122 2946 1160 3854">
     <span class='ocr_line' id='line_1_23' title="bbox 122 2951 1141 2987; baseline 0.008 -25"><span class='ocrx_word' id='word_1_166' title='bbox 122 2951 134 2987; x_wconf 58' lang='lat'>¹</span> <span class='ocrx_word' id='word_1_167' title='bbox 642 2951 649 2966; x_wconf 92' lang='lat'><strong><em>.</em></strong></span> <span class='ocrx_word' id='word_1_168' title='bbox 828 2953 835 2968; x_wconf 91' lang='lat'><strong><em>.</em></strong></span> <span class='ocrx_word' id='word_1_169' title='bbox 971 2954 978 2970; x_wconf 91' lang='lat'><strong>.</strong></span> <span class='ocrx_word' id='word_1_170' title='bbox 1071 2954 1078 2970; x_wconf 90' lang='lat'><em>.</em></span> <span class='ocrx_word' id='word_1_171' title='bbox 1122 2954 1141 2970; x_wconf 86' lang='lat'><strong>..</strong></span> 
     </span>
     <span class='ocr_line' id='line_1_24' title="bbox 135 2946 1157 3114; baseline 0.003 -22"><span class='ocrx_word' id='word_1_172' title='bbox 135 2951 150 3030; x_wconf 74' lang='grc'>)</span> <span class='ocrx_word' id='word_1_173' title='bbox 172 2946 316 3093; x_wconf 62' lang='lat' dir='ltr'><strong>hihi·</strong></span> <span class='ocrx_word' id='word_1_174' title='bbox 330 2947 1157 3114; x_wconf 60' lang='lat' dir='ltr'><strong>hi·,ihnhihthilnttftthht‘tti</strong></span> 
     </span>
     <span class='ocr_line' id='line_1_25' title="bbox 171 3111 1155 3195; baseline 0.004 -21"><span class='ocrx_word' id='word_1_175' title='bbox 171 3111 353 3174; x_wconf 79' lang='lat' dir='ltr'><strong>Aristarcho</strong></span> <span class='ocrx_word' id='word_1_176' title='bbox 376 3114 575 3185; x_wconf 83' lang='lat' dir='ltr'><strong>contenderit,</strong></span> <span class='ocrx_word' id='word_1_177' title='bbox 596 3121 627 3176; x_wconf 89' lang='lat' dir='ltr'><strong>ct</strong></span> <span class='ocrx_word' id='word_1_178' title='bbox 708 3123 792 3176; x_wconf 88' lang='lat' dir='ltr'><strong>ntum</strong></span> <span class='ocrx_word' id='word_1_179' title='bbox 816 3117 945 3195; x_wconf 79' lang='lat' dir='ltr'><strong>inferior</strong></span> <span class='ocrx_word' id='word_1_180' title='bbox 968 3119 1066 3195; x_wconf 68' lang='lat' dir='ltr'><strong>licerit</strong></span> <span class='ocrx_word' id='word_1_181' title='bbox 1093 3116 1155 3187; x_wconf 88' lang='lat' dir='ltr'><strong>illo,</strong></span> 
     </span>
     <span class='ocr_line' id='line_1_26' title="bbox 172 3194 1156 3281; baseline 0.006 -27"><span class='ocrx_word' id='word_1_182' title='bbox 172 3197 331 3275; x_wconf 80' lang='lat' dir='ltr'><strong>suspicari</strong></span> <span class='ocrx_word' id='word_1_183' title='bbox 351 3194 451 3257; x_wconf 86' lang='lat' dir='ltr'><strong>licent.</strong></span> <span class='ocrx_word' id='word_1_184' title='bbox 493 3196 560 3256; x_wconf 88' lang='lat' dir='ltr'><strong>Imo</strong></span> <span class='ocrx_word' id='word_1_185' title='bbox 587 3196 641 3258; x_wconf 86' lang='lat' dir='ltr'><strong>nul</strong></span> <span class='ocrx_word' id='word_1_186' title='bbox 652 3201 698 3258; x_wconf 88' lang='lat' dir='ltr'><strong>ius</strong></span> <span class='ocrx_word' id='word_1_187' title='bbox 725 3205 856 3258; x_wconf 86' lang='lat' dir='ltr'><strong>ueterum</strong></span> <span class='ocrx_word' id='word_1_188' title='bbox 877 3201 1052 3260; x_wconf 75' lang='lat' dir='ltr'><strong>criticorum</strong></span> <span class='ocrx_word' id='word_1_189' title='bbox 1075 3202 1156 3281; x_wconf 73' lang='lat' dir='ltr'><strong>inqe-</strong></span> 
     </span>
     <span class='ocr_line' id='line_1_27' title="bbox 171 3277 1155 3363; baseline 0.006 -26"><span class='ocrx_word' id='word_1_190' title='bbox 171 3280 257 3338; x_wconf 81' lang='lat' dir='ltr'><strong>nium</strong></span> <span class='ocrx_word' id='word_1_191' title='bbox 278 3286 309 3338; x_wconf 89' lang='lat' dir='ltr'><strong>et</strong></span> <span class='ocrx_word' id='word_1_192' title='bbox 329 3279 503 3339; x_wconf 71' lang='lat' dir='ltr'><strong>doctrinam</strong></span> <span class='ocrx_word' id='word_1_193' title='bbox 523 3277 610 3340; x_wconf 87' lang='lat' dir='ltr'><strong>nohis</strong></span> <span class='ocrx_word' id='word_1_194' title='bbox 631 3288 693 3341; x_wconf 87' lang='lat' dir='ltr'><strong>tum</strong></span> <span class='ocrx_word' id='word_1_195' title='bbox 713 3278 786 3340; x_wconf 87' lang='lat' dir='ltr'><strong>hene</strong></span> <span class='ocrx_word' id='word_1_196' title='bbox 800 3300 888 3341; x_wconf 88' lang='lat' dir='ltr'><strong>nosse</strong></span> <span class='ocrx_word' id='word_1_197' title='bbox 904 3283 1051 3353; x_wconf 79' lang='lat' dir='ltr'><strong>uidemur,</strong></span> <span class='ocrx_word' id='word_1_198' title='bbox 1064 3303 1155 3363; x_wconf 71' lang='lat' dir='ltr'><strong>qucum</strong></span> 
     </span>
     <span class='ocr_line' id='line_1_28' title="bbox 173 3359 1153 3443; baseline 0.002 -21"><span class='ocrx_word' id='word_1_199' title='bbox 173 3359 314 3422; x_wconf 81' lang='lat' dir='ltr'><strong>Cratetis.</strong></span> <span class='ocrx_word' id='word_1_200' title='bbox 344 3360 391 3420; x_wconf 85' lang='lat' dir='ltr'><strong>Ac</strong></span> <span class='ocrx_word' id='word_1_201' title='bbox 407 3363 543 3440; x_wconf 78' lang='lat' dir='ltr'><strong>primum</strong></span> <span class='ocrx_word' id='word_1_202' title='bbox 563 3363 693 3442; x_wconf 85' lang='lat' dir='ltr'><strong>quidem,</strong></span> <span class='ocrx_word' id='word_1_203' title='bbox 713 3382 805 3443; x_wconf 72' lang='lat' dir='ltr'><strong>qucum</strong></span> <span class='ocrx_word' id='word_1_204' title='bbox 824 3361 1020 3424; x_wconf 80' lang='lat' dir='ltr'><strong>Aristarchus</strong></span> <span class='ocrx_word' id='word_1_205' title='bbox 1045 3365 1153 3425; x_wconf 86' lang='lat' dir='ltr'><strong>Home-</strong></span> 
     </span>
     <span class='ocr_line' id='line_1_29' title="bbox 171 3443 1153 3524; baseline 0.005 -22"><span class='ocrx_word' id='word_1_206' title='bbox 171 3463 240 3502; x_wconf 86' lang='lat' dir='ltr'><strong>rum</strong></span> <span class='ocrx_word' id='word_1_207' title='bbox 259 3444 305 3503; x_wconf 87' lang='lat' dir='ltr'><strong>ud</strong></span> <span class='ocrx_word' id='word_1_208' title='bbox 324 3443 549 3523; x_wconf 81' lang='lat' dir='ltr'><strong>simplieitatem</strong></span> <span class='ocrx_word' id='word_1_209' title='bbox 567 3447 741 3524; x_wconf 79' lang='lat' dir='ltr'><strong>priscorum</strong></span> <span class='ocrx_word' id='word_1_210' title='bbox 762 3452 938 3524; x_wconf 77' lang='lat' dir='ltr'><strong>temporum,</strong></span> <span class='ocrx_word' id='word_1_211' title='bbox 958 3467 1020 3507; x_wconf 91' lang='lat' dir='ltr'><strong>non</strong></span> <span class='ocrx_word' id='word_1_212' title='bbox 1040 3448 1085 3508; x_wconf 86' lang='lat' dir='ltr'><strong>ud</strong></span> <span class='ocrx_word' id='word_1_213' title='bbox 1103 3467 1153 3507; x_wconf 91' lang='lat' dir='ltr'><strong>no-</strong></span> 
     </span>
     <span class='ocr_line' id='line_1_30' title="bbox 170 3527 1152 3607; baseline 0.002 -22"><span class='ocrx_word' id='word_1_214' title='bbox 170 3537 226 3585; x_wconf 77' lang='lat' dir='ltr'><strong>uus</strong></span> <span class='ocrx_word' id='word_1_215' title='bbox 256 3527 417 3605; x_wconf 79' lang='lat' dir='ltr'><strong>opiniones</strong></span> <span class='ocrx_word' id='word_1_216' title='bbox 447 3532 557 3586; x_wconf 90' lang='lat' dir='ltr'><strong>temere</strong></span> <span class='ocrx_word' id='word_1_217' title='bbox 585 3528 720 3605; x_wconf 76' lang='lat' dir='ltr'><strong>affictas,</strong></span> <span class='ocrx_word' id='word_1_218' title='bbox 747 3529 945 3607; x_wconf 76' lang='lat' dir='ltr'><strong>interpretari</strong></span> <span class='ocrx_word' id='word_1_219' title='bbox 969 3531 1152 3598; x_wconf 79' lang='lat' dir='ltr'><strong>instituisset,</strong></span> 
     </span>
     <span class='ocr_line' id='line_1_31' title="bbox 168 3607 1154 3690; baseline -0.003 -19"><span class='ocrx_word' id='word_1_220' title='bbox 168 3607 275 3671; x_wconf 75' lang='lat' dir='ltr'><strong>Grates</strong></span> <span class='ocrx_word' id='word_1_221' title='bbox 300 3608 424 3670; x_wconf 84' lang='lat' dir='ltr'><strong>Stoicus</strong></span> <span class='ocrx_word' id='word_1_222' title='bbox 444 3607 564 3690; x_wconf 69' lang='lat' dir='ltr'><strong>gloriae</strong></span> <span class='ocrx_word' id='word_1_223' title='bbox 590 3612 669 3669; x_wconf 86' lang='lat' dir='ltr'><strong>ontis</strong></span> <span class='ocrx_word' id='word_1_224' title='bbox 689 3608 768 3669; x_wconf 81' lang='lat' dir='ltr'><strong>male</strong></span> <span class='ocrx_word' id='word_1_225' title='bbox 797 3609 916 3670; x_wconf 85' lang='lat' dir='ltr'><strong>consuli</strong></span> <span class='ocrx_word' id='word_1_226' title='bbox 937 3613 1069 3690; x_wconf 77' lang='lat' dir='ltr'><strong>putavit,</strong></span> <span class='ocrx_word' id='word_1_227' title='bbox 1092 3611 1154 3669; x_wconf 88' lang='lat' dir='ltr'><strong>nisi</strong></span> 
     </span>
     <span class='ocr_line' id='line_1_32' title="bbox 168 3689 1151 3772; baseline 0 -22"><span class='ocrx_word' id='word_1_228' title='bbox 168 3692 233 3771; x_wconf 81' lang='lat' dir='ltr'><strong>ipsi</strong></span> <span class='ocrx_word' id='word_1_229' title='bbox 252 3689 436 3770; x_wconf 77' lang='lat' dir='ltr'><strong>multiplices</strong></span> <span class='ocrx_word' id='word_1_230' title='bbox 456 3698 539 3752; x_wconf 85' lang='lat' dir='ltr'><strong>artes</strong></span> <span class='ocrx_word' id='word_1_231' title='bbox 559 3691 767 3772; x_wconf 68' lang='lat' dir='ltr'><strong>Pergamenus</strong></span> <span class='ocrx_word' id='word_1_232' title='bbox 780 3690 925 3762; x_wconf 72' lang='lat' dir='ltr'><strong>attineret,</strong></span> <span class='ocrx_word' id='word_1_233' title='bbox 943 3711 1066 3772; x_wconf 80' lang='lat' dir='ltr'><strong>eumque</strong></span> <span class='ocrx_word' id='word_1_234' title='bbox 1083 3711 1151 3750; x_wconf 89' lang='lat' dir='ltr'><strong>eon-</strong></span> 
     </span>
     <span class='ocr_line' id='line_1_33' title="bbox 169 3773 1160 3854; baseline -0.002 -20"><span class='ocrx_word' id='word_1_235' title='bbox 169 3779 301 3834; x_wconf 81' lang='lat' dir='ltr'><strong>vertcret</strong></span> <span class='ocrx_word' id='word_1_236' title='bbox 327 3776 361 3832; x_wconf 86' lang='lat' dir='ltr'><strong>in</strong></span> <span class='ocrx_word' id='word_1_237' title='bbox 380 3773 608 3854; x_wconf 81' lang='lat' dir='ltr'><strong>Philosophum,</strong></span> <span class='ocrx_word' id='word_1_238' title='bbox 645 3773 902 3844; x_wconf 84' lang='lat' dir='ltr'><strong>Mathematicum,</strong></span> <span class='ocrx_word' id='word_1_239' title='bbox 931 3773 1160 3842; x_wconf 71' lang='lat' dir='ltr'><strong>Astronumum,</strong></span> 
     </span>
    </p>
   </div>
   <div class='ocr_carea' id='block_1_4' title="bbox 123 3853 1209 4036">
    <p class='ocr_par' dir='ltr' id='par_1_5' title="bbox 123 3853 1209 4036">
     <span class='ocr_line' id='line_1_34' title="bbox 169 3853 1149 3937; baseline -0.004 -19"><span class='ocrx_word' id='word_1_240' title='bbox 169 3854 388 3935; x_wconf 75' lang='lat' dir='ltr'><strong>Geopruphum</strong></span> <span class='ocrx_word' id='word_1_241' title='bbox 408 3863 440 3918; x_wconf 92' lang='lat' dir='ltr'><strong>et</strong></span> <span class='ocrx_word' id='word_1_242' title='bbox 459 3858 579 3937; x_wconf 84' lang='lat' dir='ltr'><strong>quiduis</strong></span> <span class='ocrx_word' id='word_1_243' title='bbox 595 3859 704 3936; x_wconf 79' lang='lat' dir='ltr'><strong>potius</strong></span> <span class='ocrx_word' id='word_1_244' title='bbox 755 3877 815 3917; x_wconf 83' lang='lat' dir='ltr'><strong>curn</strong></span> <span class='ocrx_word' id='word_1_245' title='bbox 856 3857 910 3918; x_wconf 79' lang='lat' dir='ltr'><strong>coel</strong></span> <span class='ocrx_word' id='word_1_246' title='bbox 923 3858 989 3937; x_wconf 72' lang='lat' dir='ltr'><strong>ipise</strong></span> <span class='ocrx_word' id='word_1_247' title='bbox 1005 3853 1149 3916; x_wconf 85' lang='lat' dir='ltr'><strong>voluerut.</strong></span> 
     </span>
     <span class='ocr_line' id='line_1_35' title="bbox 123 3878 1209 4036; baseline -0.002 -36"><span class='ocrx_word' id='word_1_248' title='bbox 123 3935 254 4017; x_wconf 74' lang='lat' dir='ltr'><strong>²)Suot.</strong></span> <span class='ocrx_word' id='word_1_249' title='bbox 276 3937 319 4003; x_wconf 91' lang='lat' dir='ltr'><strong>lll.</strong></span> <span class='ocrx_word' id='word_1_250' title='bbox 341 3936 392 4002; x_wconf 86' lang='lat' dir='ltr'><strong>Gr.</strong></span> <span class='ocrx_word' id='word_1_251' title='bbox 416 3945 442 4006; x_wconf 89' lang='lat'><strong>1.</strong></span> <span class='ocrx_word' id='word_1_252' title='bbox 463 3937 509 4002; x_wconf 82' lang='lat' dir='ltr'><strong>Cf.</strong></span> <span class='ocrx_word' id='word_1_253' title='bbox 530 3937 690 4002; x_wconf 87' lang='lat' dir='ltr'><strong>Schlosser</strong></span> <span class='ocrx_word' id='word_1_254' title='bbox 711 3878 769 4020; x_wconf 67' lang='lat' dir='ltr'><strong>(hh</strong></span> <span class='ocrx_word' id='word_1_255' title='bbox 792 3939 810 4002; x_wconf 92' lang='lat' dir='ltr'><strong>l.</strong></span> <span class='ocrx_word' id='word_1_256' title='bbox 843 3938 891 4002; x_wconf 89' lang='lat' dir='ltr'><strong>.l.</strong></span> <span class='ocrx_word' id='word_1_257' title='bbox 1205 4027 1209 4036; x_wconf 90' lang='lat'><strong>.</strong></span> 
     </span>
    </p>
   </div>
   <div class='ocr_carea' id='block_1_5' title="bbox 0 0 1350 4666">
    <p class='ocr_par' dir='ltr' id='par_1_6' title="bbox 0 0 1350 4666">
     <span class='ocr_line' id='line_1_36' title="bbox 0 0 1350 4666; baseline 0 5"><span class='ocrx_word' id='word_1_258' title='bbox 0 0 1350 4666; x_wconf 95' lang='lat' dir='ltr'><strong> </strong></span> 
     </span>
    </p>
   </div>
  </div>
 </body>
</html>
