2692 4666
532 329 840 402 --1oo--x

136 504 289 587 quentiae
311 504 457 568 studeret
475 506 649 569 conciliare
672 505 709 586 ¹).
736 508 846 589 ltaque
867 507 1044 588 scripturus
1064 507 1104 569 de
1125 505 1198 568 rhe-

141 612 256 690 torica,
278 631 399 675 omnem
420 613 557 704 debebat
577 614 617 676 de
644 615 735 677 illins
763 614 844 677 artis
874 614 1015 677 utilitate
1042 633 1080 678 ao
1105 632 1197 694 prae·

141 720 265 782 stantia
285 721 512 785 dubitationem
533 723 661 801 tollere,
682 727 778 784 ntea
805 722 930 804 penitus
957 723 1083 784 sublata
1107 740 1199 803 prae·
1245 717 1248 725 ’

137 827 315 908 ceptionem
337 828 533 909 institueret,
556 847 648 910 quam
677 847 695 891 e
722 827 1015 906 Socraticorum),
1042 828 1199 891 Aristote-

138 933 184 994 lis
200 931 237 1011 3),
258 935 475 1015 Hermagorae
497 917 733 1014 ceterorumque
754 929 784 1012 ι’)
804 933 955 1010 fontibus,
975 939 1200 996 commentatus

139 1045 235 1102 esset.
277 1041 335 1103 llis
365 1047 471 1104 mmcn
499 1041 637 1123 scriptis,
666 1060 756 1122 quam
784 1041 921 1103 maxime
952 1041 1062 1119 variis,
1088 1042 1137 1105 ita
1157 1042 1199 1104 ad

140 1149 358 1228 componenda
378 1147 552 1212 Rhetorica
574 1167 632 1211 sua
651 1167 727 1210 usus
756 1154 835 1226 erat,
861 1154 897 1209 ut
928 1148 1035 1228 aliquo
1060 1149 1131 1210 loco
1161 1166 1199 1211 ao

138 1260 295 1316 momento
324 1253 491 1317 Aelianam
519 1253 749 1316 institutionem
782 1252 926 1335 haberet,
953 1258 1047 1334 atque
1077 1271 1122 1315 ex
1151 1271 1199 1332 ea,

138 1358 291 1441 quidquid
313 1358 469 1422 commode
492 1358 757 1441 gravioribusque
780 1359 861 1422 artis
888 1359 1096 1441 scriptoribus
1125 1376 1198 1420 con-

137 1476 218 1550 grue
240 1468 447 1548 explanatum
468 1472 563 1544 esset,
582 1471 788 1545 mutuaretur,
815 1466 961 1547 inprimis
984 1467 1200 1547 exemplorum

139 1574 270 1655 capiam,
298 1574 410 1656 quibus
438 1574 498 1636 ille
525 1573 573 1636 uti
601 1581 795 1653 consuesset,
822 1574 989 1637 maximam
1015 1579 1136 1654 partem
1163 1572 1198 1635 in

138 1679 260 1761 scripta
281 1698 340 1741 sua
360 1679 564 1742 transferret
600 1680 816 1742 Veruntamen
837 1679 921 1741 omni
942 1681 975 1742 in
996 1698 1033 1742 re
1054 1679 1202 1743 servavit

138 1787 201 1850 sibi
238 1786 381 1867 eligendi
417 1791 616 1867 potestatem,
644 1786 763 1848 nemini
796 1791 916 1847 temere
950 1787 1137 1866 assentiens,
1171 1787 1200 1849 si

137 1895 213 1978 quid
233 1895 303 1976 ipse
325 1894 387 1956 sibi
408 1894 528 1956 rectius
550 1894 715 1957 videretur
736 1893 949 1974 expositurus.

200 2003 287 2065 llaec
309 2020 400 2084 quum
422 2001 537 2063 edendi
558 2002 693 2064 consilio
715 2019 735 2063 a
763 2000 917 2063 Cicerone
947 1998 1057 2074 Quinti
1084 1999 1200 2061 fratris

138 2107 248 2188 gratit
274 2110 478 2188 pararentur,
507 2104 680 2185 contigisse
716 2105 867 2185 suspicor,
896 2105 1078 2182 uthelius,
1108 2122 1200 2186 quem

135 2217 261 2279 latebat
283 2212 384 2276 adhuc
406 2212 555 2293 discipuli
575 2211 778 2294 propositum,
800 2211 923 2274 crebris
951 2212 1108 2277 llerennii
1128 2216 1201 2293 pre-‘¹

138 2321 226 2383 cibus
248 2326 342 2400 atque
363 2315 641 2379 exhortationibus
661 2315 823 2395 impulsus,
844 2316 878 2378 in
908 2317 1043 2380 animum
1073 2318 1201 2381 induce·
1251 2308 1253 2310 ’

138 2432 200 2506 ret,
226 2424 418 2490 intermissis
444 2424 609 2505 paulisper
642 2421 863 2504 philosophiae
898 2424 1038 2504 studiis,‘
1055 2426 1093 2488 de
1130 2430 1200 2488 arte

141 2532 539 2614 rhetoricaperscriberc.
568 2535 667 2608 Quam
688 2532 728 2596 ob
751 2550 877 2595 causam
898 2533 1033 2614 collegit
1054 2553 1093 2597 ea
1114 2534 1201 2597 etin

138 2643 220 2706 artis
241 2642 374 2704 formam
399 2640 535 2721 redegit,
569 2658 648 2720 quae
678 2658 745 2701 cum
773 2639 938 2722 discipulis
966 2642 1092 2705 solebat
1120 2659 1201 2704 eom-

137 2751 308 2814 munieare.
355 2747 464 2811 Potuit
501 2752 604 2809 autem
641 2747 779 2829 suscepti
813 2748 919 2829 operis
951 2749 1200 2828 magnitudinem

138 2856 237 2937 queri,
259 2854 372 2937 quippe
393 2852 512 2935 primus
530 2849 723 2913 rhetoricam
740 2851 970 2914 institutionem
981 2852 1101 2932 publici
1112 2851 1197 2930 juris

140 3008 362 3022 ,ιιι-ιιι.-

170 3105 199 3262 :b
217 3101 437 3246 ἵίιὲιῡὲεὸεοῐῒ.
459 3109 536 3166 nost.
558 3102 595 3165 de
617 3103 760 3165 Cicerone
782 3102 967 3182 potentatuum
987 3120 1017 3181 p.
1040 3099 1108 3162 147.

174 3268 198 3347 3)
219 3265 254 3327 ΙΙ.
275 3268 304 3329 2.
325 3268 501 3329 Aristotcles
528 3270 648 3349 quidem
674 3270 741 3348 ipse
771 3274 802 3328 et
830 3287 895 3327 sese
923 3269 1024 3347 ipsum
1050 3266 1145 3339 nobis,
1171 3273 1203 3328 ei

219 3352 343 3433 eosqui
363 3359 434 3411 ante
455 3372 488 3412 se
505 3354 640 3430 timeant,
661 3353 693 3411 in
714 3351 814 3410 medio
837 3353 953 3431 pecudi,
980 3358 1015 3411 ut
1034 3357 1065 3412 et
1085 3358 1201 3411 ceteros

219 3439 250 3492 ct
272 3453 304 3493 se
323 3435 424 3512 ipsum
440 3455 501 3513 per
522 3455 555 3494 se
576 3453 836 3513 cognosceremus.
877 3432 969 3494 Patet
992 3432 1061 3493 hinc
1079 3433 1144 3513 jam
1164 3450 1200 3490 eo

218 3520 355 3593 tompore
376 3515 495 3576 Romae
523 3517 690 3576 innotuisse
717 3515 893 3576 Aristotelis
921 3514 1093 3583 Rhetorica,
1120 3517 1151 3573 et
1181 3530 1200 3571 a

219 3595 364 3658 Cicerone
385 3598 520 3678 perlecta
535 3618 613 3659 esse.
656 3597 764 3678 Neque
792 3618 863 3658 vero
893 3596 1042 3666 credibile,
1070 3613 1138 3655 eum
1164 3615 1201 3654 ex

219 3679 405 3758 Apelliconis
442 3680 633 3750 bibliotheca,
678 3701 767 3760 quam
803 3680 922 3741 vixdum
953 3677 1039 3739 Sulla
1070 3675 1201 3737 Athenis

220 3760 349 3822 Romam
384 3765 592 3832 arcessiverat,
620 3763 807 3824 Aristotelea
833 3762 921 3827 haec¹
939 3761 1065 3840 primum
1093 3777 1198 3838 cogno·

219 3845 312 3905 vissa.
334 3844 391 3905 cn.
411 3865 487 3926 quos
507 3844 635 3908 Dissert
648 3849 725 3907 nost
737 3863 767 3926 p.
779 3845 829 3906 95.
844 3845 873 3905 in
888 3846 986 3927 annot.
1002 3841 1197 3903 laudavimus.

71 4001 78 4006 ,
136 4009 138 4013 ⁴
176 3928 203 4005 l⁴)
225 3930 249 3994 l.
272 3925 299 3988 6.
323 3927 368 3989 10.
393 3927 440 3989 11.
461 3931 500 3993 11.
522 3927 550 3990 2.
