2692 4666
842 264 845 271 .

541 333 783 403 ..ῃ-

138 512 208 576 nita
235 509 438 592 adhibitaque
467 509 581 572 critica
608 508 773 588 facultate,
804 510 893 570 recte
920 504 1123 587 scienterque
1154 505 1203 568 uti

136 638 201 682 non
220 621 377 699 poterant
419 619 594 697 Peroptata
621 615 721 697 igitur
747 614 914 677 literanum
933 611 1108 675 latinarmn
1131 611 1203 674 for-

138 731 218 788 tuna
244 724 408 817 contigit·
425 730 460 787 ut
494 723 589 788 brevi
622 729 695 805 post
726 720 910 785 incredibili
942 719 1045 782 studio
1079 717 1203 783 (lraeci

139 831 353 897 Grammatica
372 837 559 910 tractarent,
581 831 814 912 studiorumque
836 845 962 890 suorum
973 827 1104 890 Ιίιιιιιιιιιι
1122 843 1202 907 par-

137 938 266 1027 ticipem
284 941 467 1009 redderent
503 937 713 1002 Celeberrimi
733 936 861 998 illorum
881 938 1054 1017 temporum
1081 949 1202 1014 aequa-

139 1048 200 1127 les
219 1044 425 1111 Aristarchus
447 1051 480 1110 ct
506 1045 629 1124 Crates,
656 1063 771 1107 novum
797 1041 858 1104 hoc
887 1041 1022 1104 stadium
1049 1039 1203 1120 ingressi,

139 1152 357 1217 Alexandriae
380 1155 473 1231 alter,
496 1154 581 1215 alter
602 1151 751 1232 Pergami
771 1166 886 1231 magna
914 1147 1077 1210 doctrinae
1104 1146 1202 1224 lama,

140 1281 201 1325 nec
221 1262 342 1325 minore
364 1259 606 1326 obtrectationis
633 1259 808 1323 acerbitate
836 1255 970 1319 docendi
996 1273 1107 1318 munus
1130 1272 1202 1316 sus-

140 1374 303 1450 ceperrmt
323 1370 350 1431 ll
372 1386 502 1449 quorum
523 1365 642 1430 scholis
664 1385 733 1429 cum
752 1366 869 1428 multus
889 1364 924 1426 in
943 1363 1112 1426 literanum
1133 1366 1203 1424 stu-

140 1473 204 1537 diis
224 1492 309 1552 usus,
330 1471 500 1554 multiplex
521 1470 668 1549 eruditio,
688 1470 803 1552 ingens
830 1468 1030 1552 antiquitatis
1058 1466 1201 1550 cognitio

141 1578 367 1657 effloresceret,
393 1584 459 1640 tum
493 1578 622 1660 proprie
651 1595 705 1639 ars
742 1576 855 1640 critica
890 1575 1046 1658 originem
1079 1573 1203 1638 habuit.

140 1686 241 1750 Abusi
261 1691 365 1749 autem
386 1703 426 1747 ea
446 1691 520 1747 srmt
546 1690 579 1747 et
606 1685 669 1766 ipsi
697 1684 750 1746 illi
778 1685 923 1747 doctores
952 1688 985 1746 et
1012 1682 1066 1764 qui
1092 1700 1204 1746 eorrmr

142 1793 284 1875 vestigia
304 1793 405 1856 secuti
426 1797 508 1872 sunt,
528 1792 677 1875 permulti
700 1789 736 1872 ¹),
763 1791 820 1855 sed
839 1790 920 1854 haec
940 1791 1023 1854 vitia
1042 1810 1086 1853 ac·
1101 1789 1204 1853 detri-

139 1906 248 1964 menta
267 1900 395 1964 leviora
415 1900 587 1964 videantur
606 1919 738 1964 necesse
760 1906 819 1980 est,
835 1899 864 1962 si
885 1898 1044 1962 commoda
1065 1902 1203 1979 spectes.

140 2007 341 2089 Aperuernnt
361 2006 444 2069 enim
464 2025 528 2068 non
550 2007 650 2068 solum
670 2025 772 2069 novas
793 2004 1026 2068 inclarescendi
1043 2004 1124 2082 vias,
1146 2023 1204 2066 ve-

141 2132 210 2177 rum
232 2114 414 2176 excitarunt
433 2113 572 2196 ingenia,
593 2118 628 2175 ut
649 2112 754 2176 acrius
776 2112 1022 2193 diligentiusque
1050 2112 1086 2175 in
1106 2130 1205 2193 quae-

142 2221 254 2285 rendis
273 2222 458 2310 ‚verborum
491 2221 677 2303 originibus,
710 2220 745 2285 in
780 2219 1030 2301 interpretandis
1058 2223 1205 2282 veterum

144 2334 307 2392 auctorum
328 2328 505 2406 sententiis,
526 2328 560 2390 in
582 2325 783 2407 dijudicanda
803 2326 999 2408 singulorum
1014 2326 1205 2408 scriptorum

144 2433 335 2497 anctoritate
352 2438 385 2494 ct
404 2433 466 2494 fide
488 2436 706 2494 versarentur.
728 2428 947 2495 consenuerat
968 2437 1203 2517 exarueratque

141 2537 304 2600 uberrima
324 2534 448 2614 ingenii
468 2534 529 2612 vis,
551 2553 613 2616 qua
633 2534 756 2620 antiqui
773 2536 901 2617 Graeci,
913 2556 976 2620 qua
996 2539 1131 2601 omnium
1152 2556 1205 2601 ar-

141 2644 222 2707 tium
257 2647 290 2705 ct
326 2640 565 2722 disciplinarium
601 2643 800 2727 inventrices
835 2644 978 2710 Athenae
1013 2647 1205 2712 nobilitatae

143 2752 291 2825 fuerant;
327 2747 444 2811 iccirco
473 2749 514 2812 ad
540 2747 621 2812 haec
641 2751 766 2814 minora
786 2754 985 2833 veniebatur,
1006 2773 1137 2836 quorum
1157 2760 1206 2818 ta-

145 2877 218 2924 men
247 2857 383 2920 maximc
404 2856 571 2936 intererat,
600 2877 742 2941 quaeque
764 2860 936 2923 studiosius
956 2862 1205 2946 prudentiusque

148 2972 263 3050 postea
282 2970 490 3047 pertractata,
511 2965 624 3029 favere
645 2967 738 3031 bonis
760 2969 874 3032 studiis
895 2970 1081 3035 debuerrmt

207 3073 378 3136 Diversam
411 3072 446 3137 in
478 3072 685 3138 Grammatici
720 3081 753 3138 ct
790 3077 904 3141 Critici
930 3096 1060 3144 mimerc
1088 3077 1205 3140 tuendo

144 3179 322 3264 principum
342 3197 411 3260 par,
431 3177 636 3241 Aristarchus
659 3185 692 3241 et
719 3179 844 3260 Crates,
871 3183 1029 3265 rationem
1055 3183 1207 3246 inierunt,

143 3289 224 3352 Nam
237 3287 322 3348 alter
331 3286 523 3367 analogiam,
531 3287 668 3349 rationis
683 3291 901 3367 constantiam,
912 3291 996 3353 alter
1009 3290 1207 3368 anomaliam,

145 3391 382 3458 consuetudinis
403 3391 568 3470 rationem,
589 3393 824 3457 commendabat
838 3391 876 3473 2).
898 3394 1117 3460 Gravissimae
1131 3395 1206 3458 inde

146 3498 341 3565 exstiterrmt
361 3499 611 3577 controversiae,
637 3519 717 3582 qnae
744 3501 778 3563 in
799 3499 978 3564 scholarum
1005 3503 1206 3566 successione

178 3772 204 3850 2)
225 3769 333 3833 varro.
355 3768 402 3830 ua
423 3768 459 3832 n.
480 3707 627 3834 dini.
648 3768 707 3840 aa,
728 3707 835 3835 rxpi.
856 3708 1077 3835 noiiqdmas
1099 3776 1138 3838 11.
1158 3773 1209 3836 os.

89 3924 100 3931 ,
228 3850 312 3999 {elut-
332 3850 427 3999 Einlffi.
441 3852 508 3917 cdv.
534 3850 665 3915 Gramm.
696 3852 743 3918 1⁰.
771 3853 914 3921 Vossius.
940 3853 989 3915 Do
1016 3859 1083 3919 arto
1108 3853 1162 3921 Gr.
1189 3856 1211 3920 Ι.

277 3954 337 4015 .p.
