2692 4666
553 334 797 412 „14-

147 518 272 601 quidem
291 518 419 584 ratione
441 536 501 583 nec
520 519 595 583 tolli
611 537 672 583 nee
686 517 879 584 labefactari
894 514 1112 584 Schutnianae
1134 535 1208 582 sen-

146 627 268 690 tentiae
288 627 382 691 iidem
401 632 499 710 patet

208 736 394 814 Praetereo,
414 752 495 818 quae
517 735 556 799 de
584 733 763 818 Gniphonis
790 733 930 817 ingenio,
957 732 1112 813 doctrina,
1142 714 1208 797 me·

145 842 255 920 moria,
276 843 416 906 moribus
437 863 475 907 ae
495 848 613 907 natura
633 862 653 906 a
674 841 826 908 Schutrio
847 842 1058 924 disputantur,
1073 841 1107 903 in
1132 840 1208 903 doe-

146 954 247 1011 torem
269 950 505 1013 Herennianum
526 949 606 1013 scite
628 949 830 1012 convenirmt
861 947 938 1013 =Sed
959 947 1048 1010 visus
1070 952 1121 1009 est
1143 947 1207 1012 sibi

145 1056 231 1120 idem
250 1056 470 1121 difficultatem
491 1076 669 1138 superasse,
691 1075 770 1138 quae
791 1055 865 1119 tolli
886 1055 1043 1119 commode
1064 1074 1128 1117 non
1149 1074 1206 1136 po-

144 1168 219 1227 test.
238 1165 346 1228 Verba
367 1170 441 1228 sunt
461 1164 608 1230 Suetonii
633 1161 676 1244 ¹):
702 1157 808 1247 Ajant
827 1159 976 1227 scholam
990 1157 1070 1244 ,ejus
1090 1159 1207 1226 cleros

145 1287 274 1353 poppae
293 1275 386 1334 viros
404 1267 648 1355 frequentasse,
668 1273 704 1335 in
733 1268 786 1333 itis
812 1265 861 1333 M.
890 1265 1083 1333 Ciceronem
1104 1270 1205 1331 ettam

144 1394 218 1441 cnm
236 1368 399 1460 praetura
419 1373 622 1459 fanperetar.
643 1377 792 1442 Abutitur
810 1375 862 1440 his
873 1375 1001 1454 Auctor,
1016 1392 1107 1457 quum
1124 1374 1201 1439 inde

143 1488 291 1546 constare
313 1488 453 1562 censeat,
474 1482 647 1565 disciplina
658 1480 835 1563 Gnipdronis
851 1480 993 1545 Tullium
1013 1499 1078 1543 non
1098 1478 1217 1544 solmn'

141 1593 323 1671 praetorem
349 1601 440 1652 nsum
469 1608 559 1668 esse·
579 1588 636 1653 sed
664 1589 759 1653 etiam
784 1588 1029 1653 adolescentem.
1071 1587 1109 1650 ln
1138 1605 1203 1668 quo

143 1695 258 1759 merito
279 1696 426 1777 culpatur
447 1693 485 1776 ²),
506 1695 756 1780 quandoquidem
776 1696 931 1759 vocabulo
954 1698 1051 1759 enam
1078 1694 1126 1757 sic
1138 1714 1204 1776 ,po-

142 1801 206 1866 sito
228 1800 308 1865 haec
328 1803 381 1866 vis
401 1821 465 1867 non
485 1803 580 1882 inest,
599 1808 636 1866 nt
656 1802 697 1867 ad
718 1803 864 1884 superins
893 1800 1048 1884 quoddam
1077 1806 1203 1883 tempus

141 1909 235 1988 simul
263 1915 395 1992 spectet
436 1910 620 1975 Verisimile
647 1909 725 1974 mihi
754 1910 891 1990 videtur,
924 1911 1027 1972 locum
1053 1907 1203 1975 Suetonii

139 2021 261 2082 munta
281 2018 536 2101 interpunctione
558 2016 767 2099 adjuvandum
789 2036 876 2080 esse:
895 2018 983 2081 -tn
1003 2014 1056 2080 leis
1076 2012 1124 2080 M.
1143 2011 1203 2081 Gi-

141 2142 293 2189 erronem
314 2128 699 2209 coronamentum
724 2121 927 2207 sonperetar.
972 2124 1101 2203 Fateor,
1120 2140 1203 2206 pug-

138 2250 219 2296 nare
240 2228 309 2295 cum
330 2232 562 2297 Grammaticae
581 2232 710 2314 legibus
731 2234 829 2294 ettam
849 2229 910 2294 hoc
937 2249 1034 2295 sensu
1054 2249 1112 2312 pro
1134 2232 1202 2295 usi-

141 2341 260 2404 tatiore
282 2357 410 2423 qaoque
429 2342 580 2424 positum;
600 2356 834 2420 verumpquum
860 2338 1093 2421 praecessisset
1117 2337 1202 2404 haec

139 2466 215 2527 vox,
243 2466 285 2509 ne
312 2448 432 2510 iterata
467 2447 662 2528 displiceret,
697 2445 833 2507 alteram
858 2444 961 2509 invito
992 2444 1136 2508 sermone
1164 2445 1202 2509 in

140 2550 209 2634 ejus
230 2553 333 2614 locum
354 2553 548 2614 successisse
570 2551 727 2615 existimo.
749 2542 909 2633 Perpetua
929 2558 1034 2616 autem
1052 2550 1134 2616 haee
1147 2555 1201 2615 est

140 2658 282 2723 auctoris
304 2660 506 2739 consuetudo,
527 2664 563 2721 ut
581 2659 647 2722 ista
666 2659 826 2724 vocabula
844 2658 906 2723 hac
925 2660 1084 2742 positione
1106 2678 1200 2722 usur-

137 2771 201 2849 pet
223 2768 333 2848 ltaqne
358 2766 494 2829 retinuit
520 2784 609 2829 usum
635 2767 804 2849 vulgarem
829 2767 864 2830 in
890 2765 957 2830 hist
982 2768 1201 2849 praecepisse

138 2875 246 2934 cutem
260 2868 373 2937 moltis
392 2876 425 2935 et
444 2868 551 2936 eloris
562 2867 759 2955 ponendus:
779 2874 815 2934 io
835 2868 954 2953 paidos
973 2865 1084 2952 Appio
1105 2887 1198 2952 puo-

136 2991 213 3056 pae
239 2981 271 3040 et
296 2972 443 3041 Pulchre
474 2971 627 3041 Claudiis
654 2970 818 3056 fremitus
840 2971 882 3054 ³):
909 2973 993 3038 nihil
1020 2975 1112 3055 enim,
1138 2993 1197 3039 cur

137 3106 351 3121 ”—

171 3191 181 3226 Ι

170 3188 197 3351 ²3
217 3189 265 3337 lei?
285 3189 564 3337 iilanilhinzlirsch.
590 3270 702 3353 Eneyc.
723 3273 743 3336 l.
765 3272 835 3354 lp.
856 3273 926 3337 207.
967 3272 1130 3355 Perpetem
1149 3280 1194 3338 ta·

215 3375 284 3417 men
308 3356 357 3417 ille
377 3358 557 3419 sententiam
584 3376 671 3416 suam
700 3354 833 3416 defendit
857 3357 959 3418 verbis
989 3357 1125 3418 Suetonii
1148 3359 1194 3424 Cl.

217 3436 309 3501 Rhet.
341 3438 386 3501 l.:
418 3438 525 3501 Cicero
553 3438 598 3499 od
621 3445 803 3518 praeturam
826 3458 919 3520 nepote
948 3436 1065 3502 Graece
1093 3439 1194 3503 decio

215 3523 317 3590 mavit,
338 3521 450 3583 Latine
470 3542 541 3583 vero
563 3523 664 3581 senior
684 3540 821 3601 qnoque3
841 3522 950 3600 quibus
971 3523 1072 3584 verbis
1092 3542 1193 3602 quam-

216 3602 264 3663 vis
285 3601 414 3664 affirmet
439 3609 550 3681 auctor,
578 3602 750 3663 Ciceronem
779 3601 904 3673 Graece,
932 3623 1030 3684 aquo
1059 3610 1195 3686 tempore

214 3683 339 3746 Praetor
360 3684 458 3747 lactus
480 3689 572 3754 esset,
603 3703 661 3745 non
686 3682 912 3756 declamavisse‚
947 3688 1065 3747 minime
1092 3692 1194 3750 tamen

212 3773 313 3851 negat,
332 3766 442 3829 Latine
462 3765 649 3829 declamandi
670 3785 758 3827 nsum
774 3767 802 3828 ei
823 3773 893 3829 ente
913 3775 1091 3849 praeturam„
1110 3769 1193 3834 sami·

213 3848 318 3911 liarem
338 3849 443 3916 luisse.
464 3849 554 3927 Quod
575 3849 695 3912 diserte.
709 3848 814 3913 Cicero
835 3855 965 3915 testatur
985 3850 1078 3915 Bruto
1100 3851 1150 3916 89.

71 3984 74 3989 .
170 3929 409 4011 &hiem
