2692 4666
54 490 64 505 ⁰
124 512 630 596 citationibusque'conjunetus.“
650 516 724 580 Alio
745 518 816 580 loco
832 517 873 598 ⁸):
894 519 1045 597 „l)iodoto
1066 520 1187 584 doctori

125 628 160 685 et
181 619 250 702 ejus
272 621 394 686 artibris
415 625 518 687 variis
539 631 634 707 atque
654 626 771 704 multis,
792 626 841 689 ita
861 645 948 689 oram
968 632 1074 689 umen
1101 626 1187 689 dedi-

124 735 189 808 tus‚
210 734 248 792 ut
265 729 315 803 ab
345 732 630 797 exercitationibus
655 733 808 796 oratoriis
835 734 944 795 nullus
973 733 1043 796 dies
1069 751 1188 797 vacuus

126 840 225 898 essct
266 834 507 900 commentabar
528 837 736 900 declamitans
758 835 822 917 (sio
841 837 925 900 enirn
945 855 1030 899 nunc
1055 838 1188 919 loquun-

123 939 195 1021 tur)
215 960 312 1025 saepe
334 959 402 1005 cum
423 943 468 1005 bl.
489 943 616 1022 Pisone,
638 950 672 1006 et
699 963 767 1007 curn
789 947 825 1020 Q.
847 944 1004 1027 Pompejo,
1034 951 1090 1009 aut
1117 965 1185 1011 cum

124 1049 232 1131 aliquo
254 1049 411 1132 quotidie,
431 1049 525 1133 idque
546 1050 704 1114 faciebam
722 1052 853 1115 multum
874 1053 970 1115 etiam
989 1053 1114 1132 Latine,
1128 1053 1186 1117 sod

123 1156 251 1221 arsace
273 1156 416 1238 saepius:
438 1159 493 1219 vei
514 1158 598 1240 quod
611 1157 738 1222 Graeca
758 1159 862 1222 oratio
883 1161 978 1241 plura
998 1167 1186 1225 ornamenta

124 1263 341 1344 suppeditans,
362 1263 620 1327 consuetudinem
641 1265 790 1329 similiter
809 1266 926 1329 Latine
952 1265 1079 1329 dicendi
1106 1268 1183 1331 allo·

120 1370 232 1461 rebat3
254 1366 311 1434 nel
332 1373 414 1455 quod
436 1391 455 1435 a
477 1364 613 1436 Graecis
635 1374 761 1436 summis
780 1373 971 1452 doctoribus,
985 1374 1050 1438 nisi
1063 1373 1187 1469 Graece

124 1479 275 1559 elicerem,
296 1498 398 1562 neque
420 1481 541 1563 corrigi
561 1498 695 1562 possem,
716 1501 819 1565 neque
841 1480 976 1545 doceri.“

166 1584 352 1649 Verisimile
366 1583 440 1648 binc
454 1586 500 1664 fit,
515 1584 807 1668 Ciceronemquem
820 1591 928 1668 utpote
939 1591 1017 1649 natu
1028 1585 1189 1667 minorem,

124 1688 169 1754 ad
181 1690 227 1754 bl.
241 1692 387 1755 Pisonem
400 1697 493 1774 pater
505 1692 578 1755 ideo
595 1691 782 1771 deduxerat,
797 1692 879 1773 quod
894 1692 929 1755 in
941 1711 979 1754 eo
992 1697 1026 1754 et
1039 1693 1188 1775 antiquae

109 1796 219 1860 'vilae
241 1797 414 1861 similitudo
436 1804 469 1862 et
489 1800 607 1862 multae
630 1805 724 1862 erant
744 1798 860 1862 literae
875 1798 915 1877 ²),
937 1800 1188 1865 exercitationes

110 1905 294 1984 oratorias,
314 1906 462 1987 praeside
484 1906 585 1986 Aelio,
612 1926 680 1969 omn
709 1906 896 1989 aequalibus
925 1907 1114 1986 instituisse,
1140 1908 1188 1971 ita

120 2013 160 2072 ut
187 2008 299 2072 Aelius
327 2010 470 2089 Latinas,
505 2010 759 2092 quemadmodum
794 2011 938 2074 Graecas
974 2011 1068 2075 Philo
1092 2010 1119 2091 3)
1152 2019 1187 2076 et

120 2112 212 2177 ltlolo
232 2110 271 2193 ⁴),
299 2113 527 2177 moderaretur.
569 2114 733 2179 cumbae
760 2122 864 2179 autern
892 2117 1089 2180 declamandi
1111 2126 1185 2183 oon-

123 2220 292 2284 suetudine
313 2220 396 2285 baud
419 2222 512 2286 dubie
533 2223 717 2305 praeceptio
734 2222 898 2287 rhetorica
919 2230 991 2288 erat
1011 2224 1187 2306 conjrmcta,

119 2332 198 2391 uta
220 2327 397 2410 Gniphonc,
420 2330 473 2412 qui
493 2330 622 2393 nonnisi
642 2330 793 2394 nundinis
815 2331 1022 2410 declamabat,
1044 2333 1196 2413 quotidie

117 2452 201 2498 vero
236 2440 409 2517 praecepta
442 2435 646 2516 eloquentiae
673 2435 830 2514 tradebat,
863 2435 1041 2499 institutum
1068 2437 1183 2519 accipi·

116 2557 189 2602 mus
212 2538 248 2619 ³).
286 2540 436 2616 Quamvis
458 2545 562 2603 autem
583 2544 694 2603 orator
714 2559 779 2605 non
795 2544 895 2603 esset
920 2527 1040 2621 Aelius,
1068 2546 1182 2623 tamen,

116 2651 155 2708 ut
175 2645 320 2725 vidimus,
340 2647 527 2729 praestabat
548 2665 676 2726 operam
696 2647 777 2709 loro.
815 2646 949 2710 Nobiles
970 2648 1053 2711 enim
1069 2650 1182 2714 Roma-

117 2770 178 2815 nos
204 2752 239 2816 in
269 2754 374 2816 causis
402 2753 536 2836 agendis
567 2751 749 2832 adjuvabat,
777 2758 811 2814 et
836 2756 892 2816 vel
919 2754 988 2836 ipse
1018 2755 1053 2817 in
1074 2774 1181 2820 eornm

117 2859 258 2939 gratiam
278 2859 441 2922 orationes
463 2858 634 2936 scribebat,
656 2859 711 2920 vel
739 2856 781 2919 ad
808 2875 864 2920 eas
893 2859 1079 2923 scribendas
1106 2878 1180 2942 pro-

116 2965 374 3047 nuntiandasque
401 2964 583 3048 praeceptis
611 2963 807 3043 instituebat,
836 2965 864 3028 si
891 2964 945 3047 qui
972 2983 1030 3028 sua
1055 2967 1181 3029 vellent

117 3092 218 3154 opera
244 3073 300 3136 uti.
345 3073 390 3135 Ac
421 3072 548 3135 videtur
576 3071 700 3152 quidem
728 3091 765 3132 eo
786 3076 927 3153 tempore
955 3073 1072 3135 Romae
1093 3063 1181 3136 moie

115 3186 279 3262 receptum
299 3180 409 3257 fuisse,
431 3178 557 3240 alienae
579 3194 674 3238 curae
696 3176 871 3239 scribendi·
886 3177 1022 3240 officium
1043 3181 1181 3243 commit

116 3292 197 3365 tere,
220 3293 275 3350 aut
296 3287 404 3348 alieno
426 3284 549 3348 auxilio
570 3284 626 3361 uti,
648 3283 744 3345 etiam
769 3283 797 3345 si
819 3283 890 3364 quis
917 3285 985 3366 ipsc
1013 3285 1097 3349 haud
1126 3288 1181 3350 ab·

119 3395 235 3456 surdus
257 3400 369 3456 orator
391 3392 637 3455 existimaretur.
660 3388 757 3469 Cujus
778 3391 828 3453 rei
843 3390 938 3455 Cotta
954 3393 1101 3474 exemplo
1123 3398 1181 3455 est.

151 3610 176 3766 :3
196 3606 309 3759 rclpddd
331 3690 361 3749 in
382 3686 575 3750 Pisonianam
596 3689 621 3767 d.
644 3688 692 3752 62.

149 3772 174 3891 Ξ)
195 3770 437 3917 ffitnggcAE.
459 3779 487 3910 3.,

153 3859 176 4015 ⁵3
199 3935 282 3999 Suet.
304 3900 360 3999 111,1
372 3900 430 3998 Gr]
444 3942 472 3999 8.
