2692 4666
177 310 231 379 ul

175 462 426 553 pertrsbtantem
455 466 578 531 videre.
619 465 704 542 Quin
729 466 778 530 ite
803 465 1025 529 auctoritatem
1050 461 1164 544 judicii
1190 464 1241 526 tui

153 599 338 681 singulari
357 597 553 662 humanitate
575 600 755 679 condiebas,
782 605 826 679 ut,
852 599 882 662 si
907 617 971 662 uua
1001 616 1150 676 essemus,
1171 616 1239 660 mu-

175 730 302 813 tuisque
325 729 520 793 sermonibus
541 730 576 792 in
601 748 671 792 rens
697 730 797 811 ipsam
825 729 989 811 inquirere
1017 728 1141 808 liceret,
1170 729 1239 791 ani-

175 863 417 927 madversiones
438 867 510 925 tuas
530 881 595 924 non
615 862 709 924 nimis
731 860 891 943 ungendas
912 860 1237 942 videri,persuadere

177 1012 341 1059 conarere.
385 994 504 1070 Quibus
526 994 637 1057 verbis
659 1013 752 1076 quum
773 991 893 1056 animos
915 993 1068 1072 dedisses,
1099 993 1238 1074 diligen-

175 1129 310 1210 tiusque,
332 1146 412 1210 quae
435 1126 728 1205 animadvertisses,
750 1124 965 1204 attendissem,
976 1130 1067 1188 tanto
1088 1129 1121 1186 te
1139 1123 1238 1187 habui

176 1261 342 1340 cariorem,
364 1264 481 1343 quanto
503 1258 668 1321 candidius
695 1263 831 1321 mentem
856 1256 933 1320 mihi
959 1263 1045 1320 tuam
1074 1256 1237 1338 signifiea-

176 1406 284 1466 veras,
306 1394 339 1450 et
359 1405 480 1450 omnem
501 1385 730 1448 dubitationunn
750 1387 815 1448 vim
836 1384 1009 1466 objeceras.

238 1546 339 1608 Plura
360 1548 464 1607 autem
485 1545 668 1626 complexus
690 1563 757 1606 sum
776 1542 837 1605 boo
857 1543 951 1623 libro,
968 1543 1079 1625 quiex
1099 1542 1239 1625 pristina

178 1673 356 1738 munusculi
376 1674 410 1735 in
431 1677 633 1755 praesentem
654 1658 731 1735 doni
748 1673 1236 1754 formam-utinampraestan-

175 1801 253 1866 tiam
275 1802 484 1864 —increvit
516 1804 639 1883 Operae
661 1801 744 1864 enirn
764 1803 900 1884 pretium
928 1807 1007 1881 erat,
1032 1801 1151 1884 aliquid
1170 1819 1237 1863 mo-

175 1934 274 1996 menti
297 1934 423 2011 addere,
442 1945 501 2016 quo
522 1935 621 1996 tutius
643 1934 706 1997 iter
726 1936 851 1998 faceret
872 1926 1001 2016 tibique,
1018 1934 1232 1999 transmarino

176 2061 295 2129 bomini
317 2072 349 2129 et
369 2066 403 2128 in
430 2066 541 2129 ultima
565 2067 636 2129 fere
665 2067 737 2148 agri
763 2067 881 2130 batavi
909 2066 1046 2130 statione
1068 2068 1237 2148 collocato,

174 2195 252 2259 novi
273 2195 399 2277 suisque
422 2197 512 2257 velut
531 2195 675 2277 partibus
699 2196 822 2276 expleti
843 2194 949 2277 operis
964 2197 1144 2278 adspectus
1163 2216 1238 2259 nos-

174 2326 220 2388 tri
239 2327 420 2390 memoriam
442 2326 681 2388 commendaret
703 2326 802 2400 Quam
819 2327 858 2390 ob
874 2347 1001 2391 causam
1021 2329 1055 2392 in
1075 2327 1180 2391 media
1201 2334 1233 2392 te

174 2457 323 2518 continuo
345 2474 434 2518 arma
455 2455 745 2538 sententiarumque
766 2458 891 2521 turbam
912 2464 944 2522 et
973 2477 1079 2524 acrem
1107 2466 1236 2523 conten-

174 2584 293 2648 tionem
315 2583 444 2666 oonjeci,
467 2605 510 2649 ex
531 2606 591 2669 quo
612 2592 760 2670 tanquam
780 2588 946 2655 horridulo
967 2592 1049 2655 mari
1080 2593 1234 2656 celeriter

176 2693 388 2799 emergentem
414 2719 646 2782 mansuetiores
679 2725 711 2782 to
745 2721 856 2784 Musae
887 2722 1057 2821 excipient3
1101 2723 1236 2786 Tradidi

175 2852 289 2942 quippe
323 2855 478 2916 nonnulla
511 2855 550 2916 de
584 2853 806 2917 Grammaticis
842 2854 1085 2936 Rhetoricisque
1120 2855 1233 2918 studiis

175 2986 258 3065 apud
278 2986 444 3064 Romanos,
465 2990 500 3046 ut
520 2985 684 3066 proximae
707 2986 746 3049 de
767 2985 853 3049 Aelii
873 2986 1035 3050 Lanuvini
1063 2990 1097 3049 et
1123 2986 1234 3050 Servii

176 3113 303 3180 clandii
332 3116 401 3178 vita
429 3121 461 3177 et
489 3116 635 3179 doctrina
665 3117 888 3198 disquisitioni,
926 3136 1006 3199 quae
1039 3116 1146 3179 nimiis
1183 3120 1235 3178 est

174 3252 274 3337 opaca
294 3247 446 3327 tenebris,
467 3248 589 3330 aliquid
610 3248 692 3311 lueis
714 3249 932 3311 effunderetur
956 3266 1104 3330 sununque
1126 3247 1234 3310 dunin-

176 3376 259 3443 vius
278 3379 415 3461 pretium
437 3386 532 3442 esset
575 3380 643 3442 Hae
670 3379 790 3443 demum
817 3380 873 3443 via
895 3379 936 3443 ad
955 3380 1006 3443 rei
1027 3383 1129 3458 eaput,
1151 3378 1235 3460 quod

174 3486 357 3573 suavissimi
384 3509 552 3573 literarum
578 3509 755 3574 commercii
776 3509 908 3591 primam
935 3509 1030 3573 nobis
1051 3508 1235 3591 opportuni-

173 3643 272 3705 tatum
290 3638 492 3721 praebuerat,
514 3637 667 3720 processi.

240 3786 284 3850 At
303 3791 387 3852 male
408 3787 452 3852 sit
472 3785 561 3862 mihi,
581 3792 615 3850 et
635 3786 700 3849 otio
721 3790 776 3847 tuo
797 3785 941 3848 abutenti
961 3785 1081 3849 diutius
1108 3789 1142 3847 et
1161 3783 1234 3865 plus

2 3964 3 3975 ¹
64 3918 68 3924 '
175 3934 266 3999 quam
286 3920 367 3985 satis
389 3923 468 4000 erat,
483 3919 522 3982 de
538 3918 678 4002 propriis
698 3918 795 4003 rebus
816 3917 857 3981 ad
877 3921 910 3982 te
930 3916 1096 3981 referenti.
1119 3917 1232 3992 Quam·
