2692 4666
596 337 840 410 ..54-

192 518 226 580 ls
246 515 329 579 enim
349 530 484 578 summus
505 515 574 597 ipse
596 520 714 595 orator,
735 515 923 597 miniumque
949 513 1085 595 ineptus,
1105 515 1141 575 ut
1164 512 1255 575 altir-

190 624 256 684 mat
277 619 398 697 Cicero,
418 618 572 682 Aelianas
592 621 684 683 leves
705 611 922 682 oratiunculas
943 617 1047 682 voluit
1068 616 1253 702 existimari

179 742 282 803 uam
305 744 435 809 quarum
456 745 520 790 uns
539 732 739 806 memoratur,
760 728 835 807 lege
856 726 956 790 Varia
976 725 1140 807 inscripta,
1158 743 1254 806 quam

110 892 122 919 ¹
192 831 324 915 scripsit
350 832 463 896 Aelius
490 832 603 898 Cottae
629 840 746 916 rogatu
769 831 804 912 1).
846 832 920 896 Alia
953 833 1029 896 item
1061 832 1253 909 nominatur,

192 957 285 1020 quam
306 939 459 1021 Caepioni
479 940 562 1003 idem
583 946 695 1005 contra
726 941 763 1003 T.
789 939 954 1002 B'etnoium
980 939 1116 1001 Barium
1134 937 1252 1001 conle-

182 1047 238 1110 'cit
259 1045 296 1126 ²).
320 1047 468 1111 Ceterum
489 1066 506 1109 e
529 1047 714 1129 cognomino
734 1043 877 1121 Stilone,
898 1050 1045 1126 quantam
1063 1049 1254 1126 opcmei

192 1147 391 1232 diligentiam
426 1152 460 1215 in
494 1151 554 1215 hoc
580 1152 762 1233 scriptionis
801 1169 921 1231 genere
953 1150 1105 1233 posuerit,
1133 1150 1251 1233 optino

193 1257 278 1321 ellici
297 1263 411 1339 potest

186 1424 189 1431 ⁶
255 1448 377 1527 Restat,
398 1453 433 1510 ut
455 1448 493 1511 de
515 1449 644 1530 scriptis
666 1467 833 1533 eorumque
854 1466 974 1529 genere
1000 1453 1034 1511 et
1064 1448 1251 1529 argumento

194 1553 344 1616 dicamus
385 1551 533 1618 Suetonii
554 1554 655 1618 verba
678 1549 720 1633 ³)z
759 1549 997 1617 instruxerunt
1022 1555 1255 1645 nummumque

183 1656 235 1724 ol
256 1662 459 1742 omniparis
487 1656 711 1725 Grammatico
740 1655 781 1723 L.
802 1653 920 1724 Aelius
941 1664 973 1722 et
999 1655 1075 1722 ser
1099 1652 1254 1741 Clodius

194 1783 259 1830 non
281 1767 382 1830 solum
405 1767 605 1850 disciplinam
627 1766 764 1846 scholae,
787 1765 960 1830 sedetiam
987 1763 1148 1827 scribendi
1167 1759 1254 1849 ,alili

198 1873 339 1956 gentiam
362 1874 541 1939 declarant.
587 1876 634 1938 lle
657 1874 728 1939 Ser.
750 1874 876 1939 Claudii
897 1873 991 1937 libris
1012 1879 1077 1936 torm
1104 1870 1253 1955 Gracia,

191 1983 257 2042 tum
278 1979 351 2042 Lat
328 1980 415 2059 tmis,
437 1999 532 2062 supra
561 1980 705 2061 vidimus,
731 1980 894 2063 patuitque
921 1978 1013 2043 nobis
1040 1976 1253 2073 astiagem&

192 2086 350 2169 epistolis,
379 2093 497 2168 quanta
524 2087 556 2151 ei
585 2093 672 2150 esset
698 2087 826 2150 illorum
853 2085 1061 2168 exspectatio,
1085 2089 1257 2177 postquam

192 2192 315 2275 Papirii
345 2193 438 2257 Paeti
466 2193 654 2257 rescivisset
681 2194 880 2258 donationem
900 2190 938 2274 ⁴).
980 2193 1067 2258 Idem
1092 2191 1133 2263 lo,
1159 2191 1254 2255 Aelio

191 2301 330 2361 testatur
359 2299 474 2376 Varro,
501 2298 554 2381 qui
581 2298 692 2377 iniis,
720 2316 800 2379 quae
829 2302 1007 2383 supersunt,
1037 2295 1180 2379 scriptia
1206 2297 1256 2373 ita

194 2405 297 2469 utitur
324 2404 411 2469 Aelii
441 2405 642 2483 auctoritate,
670 2411 705 2466 nt
731 2423 810 2486 quae
841 2406 880 2468 ab
909 2426 947 2468 eo
974 2413 1115 2488 usurpat,
1135 2406 1254 2488 partim

194 2528 212 2572 c
241 2510 304 2572 viri
333 2510 471 2590 scriptis,
497 2510 614 2589 partim
646 2526 690 2570 ex
715 2509 887 2590 disciplina
919 2510 1065 2574 hausisse
1092 2514 1255 2594 putandus

193 2613 246 2677 sit.
267 2613 445 2696 Aliquoties
466 2614 548 2677 enim
570 2613 630 2677 hoc
658 2615 774 2678 utitur:
808 2613 936 2681 ‹licelm
961 2611 1090 2696 Aelius,
1115 2618 1256 2701 pmaoot

195 2712 318 2787 delites
341 2717 380 2799 ⁶),
401 2720 459 2782 sed
480 2721 623 2802 saepius:
644 2725 704 2797 ott,
722 2720 842 2786 scribit
860 2717 980 2787 Aelius
1001 2723 1038 2805 ⁰).
1081 2728 1172 2802 Quod
1200 2746 1257 2791 au-

193 2829 258 2889 tem
274 2825 406 2908 egregie
421 2826 586 2890 emendato
606 2828 677 2888 looo
699 2827 840 2890 inlibris
855 2826 1043 2892 dearctare
1059 2828 1085 2909 ⁷)
1106 2825 1253 2895 Aeliano

192 2929 305 2998 studio
324 2939 547 3005 memorantur,
568 2933 688 2996 referri
708 2934 769 2996 illa
789 2932 830 2996 ad
856 2935 981 2996 Aelium
1007 2937 1168 2999 Stilonem
1199 2938 1254 3001 de·

193 3038 281 3110 bere.
311 3041 376 3104 viri
403 3040 489 3104 docti
515 3040 669 3121 suspicati
695 3047 777 3103 sunt.
818 3042 927 3121 Neque
948 3041 1113 3106 immerito.
1146 3047 1255 3122 „Nara

194 3144 266 3208 sire
281 3148 398 3227 quem“‚
420 3146 469 3213 ait
479 3144 625 3226 Crassus,
638 3146 793 3226 „Aelim
812 3146 918 3211 studia
934 3148 1106 3231 delectant,
1117 3146 1256 3233 plurimis

408 3689 525 3754 arn
551 3688 1001 3760 samnnvwonooi
1020 3695 1127 3760 nne.

227 3771 494 3851 anenno:
520 3770 635 3838 san
655 3771 815 3839 salomi
839 3777 885 3841 sa

230 3852 739 4001 ‘)=Ql{lmmneelura
766 3855 837 3922 Vnt
863 3857 957 3923 Orell.
983 3859 1091 3924 Οιοιι
1119 3860 1259 3943 ΜΡ.
