2692 4666
111 612 112 616 Ἰ
144 526 419 608 logeuuunssse:
440 523 589 594 Croesos
617 518 745 613 quoquc
768 536 804 595 et
832 528 960 610 Aelius,
986 541 1024 597 ut
1048 536 1197 609 similiter

144 633 325 697 emendavit
345 634 488 698 omilim
509 636 612 699 loouiu
632 637 671 698 (le
694 638 831 701 oratore
855 637 889 718 ¹).
913 619 996 704 Taua
1014 640 1197 707 Scoeoolo:

141 740 233 806 Sane
258 739 384 818 vellem
405 759 470 804 nou
492 747 737 806 constituissem
757 747 792 807 in
821 742 1045 812 Tusculanum
1070 735 1125 812 nie*
1140 749 1197 812 bo

140 848 192 912 dio
212 853 383 911 ocnturm
403 865 480 914 cese
492 845 541 912 11.
562 843 681 916 Aeuo:
700 851 755 914 ubi
783 868 950 934 perpere·
974 850 1097 918 Laelio
1127 858 1197 919 viil-

142 955 430 1036 pessumsedere
449 973 571 1037 quoque
592 955 677 1019 ratio
697 957 762 1018 loci
784 950 925 1021 Plinioui
939 957 966 1038 ²)
987 945 1125 1040 videtur,
1142 963 1197 1026 ubi

140 1079 320 1143 perperam,
354 1063 477 1142 opinor,
513 1083 581 1126 erun
623 1063 784 1128 Scaevola
824 1064 957 1128 liaelius
995 1069 1198 1149 componitur,

141 1187 233 1251 quum
252 1161 372 1233 Aelius
392 1166 605 1251 probabiliter
624 1170 857 1253 intelligendus
874 1171 929 1251 sit,
950 1179 984 1235 nt
1004 1173 1120 1238 ‹leinilc
1141 1195 1196 1238 no-

139 1276 188 1340 bis
213 1276 339 1358 patebit
360 1273 405 1355 ³)·-
528 1308 532 1316 ’
566 1277 570 1288 ’
818 1362 825 1368 .
1108 1296 1112 1322 ··

189 1407 340 1470 ‚Praeter
359 1402 539 1495 Scaeuolae
565 1400 707 1491 auguris,
735 1406 803 1490 ejus
832 1410 886 1492 qui
912 1410 998 1475 libro
1028 1410 1128 1492 primo
1158 1412 1196 1475 de

140 1500 278 1576 Oratore
312 1512 440 1576 dicendi
473 1519 584 1595 partes
618 1513 738 1595 hebet,
761 1517 940 1596 amicitiam,
974 1518 1194 1592 familiaritate

137 1636 259 1702 quoquc
287 1620 406 1690 Lucilii
433 1625 548 1702 poetae
575 1620 686 1684 Aelius
712 1631 789 1686 usus
818 1630 877 1708 est,
891 1620 895 1625 ’
911 1623 965 1706 qui
998 1625 1030 1688 ei
1056 1624 1196 1706 priorem

137 1780 364 1794 -----.....
738 1785 756 1819 Α

174 1899 243 1980 1)Ι.
264 1900 317 1962 ult.
338 1901 384 1963 cf.
410 1901 502 1964 Orell.
529 1901 612 2000 Opp.
629 1865 711 1963 *cio*
726 1901 796 1964 Vol.
817 1901 853 1964 ll·
881 1925 911 1985 p.
939 1906 1009 1968 586.
1040 1856 1145 1990 Onom.
1167 1928 1195 1968 v.
1255 1917 1256 1920 ’

216 1981 343 2068 helius
362 2005 391 2065 p.
412 1983 482 2045 332.
512 2007 515 2013 ·

173 2067 197 2146 2)
218 2064 298 2126 nist,
331 2064 403 2127 Nat.
423 2064 512 2133 xiv.
542 2064 580 2128 13
610 2065 689 2147 (lo).
723 2065 772 2127 Ne
798 2071 897 2128 tamen
925 2071 993 2149 quis
1019 2075 1115 2150 putet,
1134 2070 1193 2132 hoc

216 2147 307 2208 Plinii
328 2148 395 2209 loco
416 2153 448 2210 et
468 2148 547 2230 apud
568 2147 629 2209 cic.
650 2149 670 2208 l.
691 2149 710 2208 l
732 2149 954 2230 intelligendum
974 2169 1045 2211 esse
1055 2152 1195 2212 Laelium

213 2230 356 2305 Felicem,
376 2233 437 2312 qui,
463 2237 542 2293 teste
570 2229 669 2292 Gellio
698 2229 770 2291 XV.
806 2231 855 2293 27.
880 2231 975 2292 libros
1004 2232 1044 2292 ad
1071 2231 1109 2305 Q.
1129 2232 1195 2294 Mu·

215 2314 294 2374 cium
314 2313 444 2395 scripsit.
466 2313 567 2374 Alium
587 2312 665 2374 huuc
685 2312 819 2373 Mucium
840 2333 919 2384 esse,
940 2313 1105 2386 Scaevolis,
1117 2335 1193 2396 quos

218 2395 227 2411 ⁹
264 2396 272 2412 ⁶
360 2401 535 2476 acceptores
571 2395 675 2457 Cicero
706 2395 820 2466 habuit,
850 2398 1055 2476 posteriorem,
1087 2399 1193 2459 statuit

229 2414 291 2455 uris
346 2416 360 2455 r

214 2415 479 2622 ..elom
495 2475 1191 2633 totatutaeffitientia
1333 2513 1338 2533 ⁸

211 2660 302 2712 mum,
322 2662 342 2703 a
362 2642 461 2704 Gellio
482 2643 643 2724 significari
671 2648 761 2723 atque
790 2643 917 2708 eundem
945 2663 1030 2713 osse,¹
1054 2645 1110 2725 qui.
1132 2645 1192 2706 lau·

212 2721 360 2788 deturab
381 2745 417 2787 eo
439 2730 560 2786 auctore
581 2721 630 2784 tii.
653 2724 694 2793 2.Χ
708 2723 874 2797 Quominus
895 2726 981 2788 enim,
1002 2727 1039 2796 de
1068 2732 1113 2787 eo'
1125 2747 1190 2788 sus-

212 2805 346 2886 picemur
366 2826 537 2868 sermonem
558 2825 639 2877 esse,
661 2807 711 2887 qui
732 2804 896 2887 Pomponio
911 2806 957 2868 ‘de
977 2807 1029 2868 0r.
1049 2807 1113 2868 Jur.
1132 2810 1189 2889 pri·

211 2906 280 2948 mus
300 2889 409 2950 dicitur
425 2888 504 2970 juris
524 2888 681 2950 scientiam
702 2888 731 2948 in
752 2892 870 2968 gentem
890 2887 1022 2949 Muciam
1043 2889 1205 2959 intulisse,

141 3042 144 3048 Δ
212 2970 336 3052 impedit
364 2971 469 3033 Pallii
492 2991 681 3051 praenomen,
709 2989 768 3049 quo
795 2970 822 3030 is
849 2970 1048 3051 distinguitur.
1089 2969 1188 3031 Recto

210 3071 281 3113 uero
302 3054 419 3116 videtur
438 3053 526 3134 Hugo
547 3053 566 3116 l.
587 3052 607 3113 Ι.
629 3051 718 3114 Gellii
739 3052 832 3112 verba
847 3053 975 3131 cepisse,
989 3071 1079 3132 quum
1099 3051 1190 3121 dicat,

212 3133 349 3197 Laelium
369 3135 501 3197 Felicem
529 3139 759 3196 commentatum
787 3152 857 3194 esse
884 3131 1057 3194 Scaevolae*
1077 3130 1191 3214 scripta

213 3217 252 3278 de
268 3216 345 3298 jure.
367 3217 435 3291 Quo
457 3238 550 3280 sensu
571 3237 628 3278 non
649 3234 776 3277 necesso
800 3219 862 3284 est,
889 3215 1037 3297 aequales
1064 3215 1190 3288 suerint3

213 3305 323 3370 contra,
338 3305 479 3381 tanquam
498 3301 645 3379 interpres
656 3296 832 3367 Scaevolae,
839 3296 948 3357 dudum
962 3304 1033 3378 post
1052 3297 1188 3368 floruisse

210 3381 356 3444 dicendus
377 3379 571 3454 estLaelius
592 3380 677 3441 Felix
698 3398 735 3440 ac
756 3378 885 3439 fortasse
912 3381 945 3438 iii
969 3378 1113 3441 Hadriani
1134 3376 1187 3439 lm·

140 3519 142 3522 ,
210 3466 368 3543 potatoris,
401 3470 435 3526 ut
461 3463 562 3545 placet
587 3462 700 3523 Baebio
734 3460 813 3521 Huc.
840 3460 1020 3541 Juruprua
1047 3463 1136 3524 Rom.
1156 3480 1186 3540 p.

210 3546 290 3617 tlt,
310 3551 442 3608 aetatem
463 3545 531 3626 ejus
551 3546 614 3605 vita
635 3543 750 3604 incida.
788 3541 855 3615 Quo
883 3544 961 3604 eirca
989 3549 1068 3605 errat
1087 3543 1187 3603 Heim-

210 3628 336 3690 bachius
356 3629 449 3709 Dap.
469 3629 510 3689 de
529 3627 609 3688 Aelii
630 3625 714 3688 Galli
733 3625 886 3704 mopiam.
907 3644 936 3706 p.
957 3626 1007 3686 ii.
1028 3625 1108 3706 apud
1128 3622 1187 3683 Pli-

210 3712 290 3772 nium
310 3709 329 3770 Ι.
351 3710 370 3771 Ι.
391 3711 480 3773 Aelio
501 3708 609 3770 Stiloni
629 3707 767 3769 Laelium
787 3706 919 3768 Felicem
940 3707 1122 3788 praeferens,
1142 3711 1185 3765 at-

209 3812 267 3873 que
287 3789 380 3854 Mucii
403 3790 568 3854 Scaevolae
590 3791 747 3871 aequalem
774 3789 897 3851 iaciens.
918 3819 960 3838 -ι
982 3785 1036 3847 cir.
1057 3785 1124 3851 ln'tt
1146 3787 1185 3848 ad
1207 3811 1208 3814 ¹

210 3873 298 3946 Geli,
320 3873 418 3936 Tirab.
440 3873 542 3934 Storia
561 3872 629 3933 Vol.
651 3870 687 3932 11.
705 3893 735 3953 p.
755 3869 824 3933 237.

169 3957 191 4035 3)
211 3954 264 4017 cff.
284 3956 432 4038 Fragmm
453 3955 561 4043 dubiae
578 3954 716 4016 auctorit.
737 3953 786 4016 Fr.
811 3950 864 4013 ix.
