2692 4666
159 532 237 590 rum,
259 513 313 597 qui
333 519 408 577 aute
421 513 575 597 luissent,
602 514 758 576 nonnulle
784 513 914 594 integre
943 514 1092 595 exemplo
1115 516 1227 580 conti-

158 621 232 687 ueri
252 620 294 683 iis
314 621 501 702 suspicetur.
523 621 613 697 Quod
634 627 739 685 autem
760 641 778 684 e
800 620 953 685 communi
974 625 1119 685 veterum
1132 621 1223 686 uus

156 733 260 792 torum
279 746 366 791 more
387 729 604 808 contenderat,
632 729 716 793 idem
742 746 839 810 porro
866 727 1033 808 permultis
1060 730 1224 810 exemplis

154 835 322 899 illustrare
345 841 377 898 et
397 837 535 923 probare
557 841 689 900 coaetus
711 840 770 914 est,
785 835 833 898 ita
854 833 978 916 quidem
999 832 1122 915 utejus
1145 854 1223 900 sen-

153 943 257 1006 tentie
283 949 377 1025 atque
406 942 523 1006 iudicio
550 943 689 1024 plurima
714 943 750 1006 iu
787 941 838 1005 his
875 941 970 1004 libris
1004 941 1224 1025 inveniantur,

160 1068 241 1130 quae
263 1051 304 1113 eol
326 1050 503 1131 superioris
524 1040 641 1114 aetatis
667 1050 849 1115 memoriam
876 1067 1111 1131 causarumque,
1139 1068 1223 1131 quae

157 1163 247 1220 actae
268 1157 416 1236 fuissent,
438 1157 651 1239 coguitionem
671 1157 855 1238 pertineant
880 1154 914 1236 ¹).

214 1265 305 1326 lleul
333 1265 444 1345 exigui
475 1282 552 1328 saue
580 1263 728 1327 momenti
755 1270 849 1327 acuto
874 1262 955 1327 liaeo
974 1262 1048 1326 'viri
1074 1263 1219 1326 animad-

153 1372 263 1436 versio
286 1375 344 1450 cst,
366 1371 525 1452 (lignaque
547 1388 627 1452 quae
648 1370 874 1452 perpendatur.
902 1371 1026 1434 Vereor
1047 1375 1163 1449 autem,
1183 1375 1221 1434 ut

152 1480 234 1542 satis
260 1479 414 1560 probetur
440 1479 491 1557 iis,
520 1479 574 1560 qui
601 1478 806 1557 attenderint,
840 1478 1040 1560 paucissimis
1068 1477 1217 1559 exceptis

153 1587 258 1649 omnia
279 1586 436 1668 exempla,
458 1605 537 1667 quoe
559 1587 598 1650 ab
621 1586 681 1649 illo
705 1586 746 1650 ad
766 1591 873 1649 certes
894 1604 1016 1662 causas,
1038 1604 1116 1668 quas
1137 1585 1219 1651 inci-

150 1693 236 1756 disse
272 1697 405 1772 constat,
431 1693 626 1773 referuntur,
650 1713 671 1757 e
699 1693 784 1758 libro
812 1693 852 1755 ad
880 1692 1074 1756 Herennium
1101 1699 1218 1774 quarto

151 1797 228 1876 peti.
269 1797 395 1860 Etenim
423 1800 522 1879 longa
552 1798 775 1879 disputatione,
804 1816 896 1878 quam
927 1796 999 1860 huic
1027 1797 1113 1861 libro
1141 1817 1217 1878 pro-

149 1904 243 1967 oemii
264 1906 335 1968 loco
363 1912 474 1969 auctor
499 1907 673 1987 praemisit,
700 1923 834 1987 prorsus
867 1905 1031 1968 contraria
1064 1905 1216 1971 violentur

148 2010 340 2092 siguificari;
362 2011 476 2094 quippe
497 2011 531 2074 in
554 2031 592 2075 co
614 2017 765 2074 versatur
792 2016 887 2090 totus,
915 2016 950 2072 ut
976 2010 1121 2075 renones
1149 2013 1216 2077 col·

147 2118 240 2200 ligat,
262 2119 383 2202 quibus
402 2120 596 2199 persuadeat
623 2118 794 2196 Herennio,
821 2119 952 2181 multum
982 2125 1159 2198 praestare,
1180 2123 1215 2181 ut

150 2225 231 2291 artis
253 2226 392 2308 scriptor
412 2226 554 2308 propriis
576 2224 742 2304 exemplis,
770 2243 861 2306 quam
889 2230 924 2287 ut
951 2224 1068 2288 alienis
1095 2230 1213 2287 utatur.

145 2333 217 2396 Nou
260 2333 375 2396 inutile
405 2334 516 2412 solum,
551 2331 608 2396 scol
637 2331 849 2412 perniciosum
882 2331 978 2396 etiam
1017 2350 1089 2395 csse
1126 2332 1213 2395 exis-

145 2438 236 2502 timat
270 2439 443 2521 discipulis,
479 2439 508 2502 si
535 2439 721 2518 magistrum
748 2438 787 2500 cb
816 2438 958 2503 omnibus
997 2439 1111 2520 poetis,
1145 2438 1212 2506 iris-

144 2544 266 2624 toricis,
290 2545 472 2608 oratoribus
500 2545 649 2626 exempla
683 2543 814 2608 videant
844 2545 1016 2627 eligentem
1044 2552 1079 2609 et
1105 2564 1211 2613 cumu-

23 2714 26 2720 ,
142 2651 271 2729 lautcm,
293 2670 392 2734 eaque
413 2651 485 2732 ipso
504 2669 542 2713 re
564 2650 744 2731 desperent,
772 2670 809 2714 se
837 2654 988 2735 consequi
1015 2672 1111 2735 posse
1140 2671 1215 2717 ean

140 2757 334 2837 facultatem,
356 2776 448 2840 quom
467 2776 508 2820 ue
530 2757 651 2838 singuli
673 2757 797 2839 quidem
817 2759 1034 2839 probatissimi
1056 2766 1205 2825 auctores

142 2865 306 2928 consecuti
341 2864 522 2927 videantur.
569 2865 678 2946 Neque
723 2870 836 2928 contra
868 2866 1019 2946 probavit
1050 2867 1208 2933 rationem

141 2972 240 3052 illam,
263 2991 325 3054 qua
349 2972 389 3036 ab
411 2992 473 3035 uno
496 2976 626 3035 auctore
647 2971 753 3035 omnia
774 2973 922 3053 exempla
943 2973 1023 3036 sumi
1048 2974 1203 3055 placeret,
1266 3024 1268 3029 .

46 3111 51 3128 ·
140 3081 254 3163 quippe
277 3099 357 3161 quae
379 3081 478 3160 vulgo
498 3079 601 3142 minus
623 3078 856 3142 accommodato
875 3079 1005 3161 proprio
1028 3081 1109 3143 artis
1130 3100 1203 3163 pro-

140 3186 244 3267 posito
267 3191 384 3265 essent
427 3185 601 3251 Contendit
627 3186 736 3267 igitur,
768 3186 850 3268 quod
878 3187 917 3250 ab
940 3186 1021 3250 artis
1044 3187 1202 3270 scriptore

137 3295 317 3375 exemplum
338 3295 500 3372 afferatur,
521 3293 560 3357 de
583 3291 721 3374 ejusdem
743 3293 879 3356 artificio
908 3294 1025 3359 ulchere
1054 3313 1136 3375 esse,
1164 3313 1202 3358 ac

136 3400 272 3464 ridicule
300 3401 409 3464 iacere
438 3401 580 3466 Graecos
606 3401 786 3482 magistros,
824 3419 915 3481 quum
949 3401 992 3485 id,
1020 3403 1102 3484 quod
1131 3404 1202 3484 pol-

138 3508 307 3584 liceantur,
338 3507 378 3571 ab
406 3508 481 3571 aliis
510 3514 674 3590 quaerant,
702 3526 865 3592 quumque,
891 3527 956 3571 uou
982 3509 1075 3572 modo
1103 3508 1201 3574 ‹lomi-

142 3635 201 3680 nos
229 3635 264 3678 se
291 3615 433 3693 fontium,
461 3615 518 3677 sed
547 3632 582 3678 se
610 3614 697 3696 ipsos
723 3616 830 3677 fontes
858 3635 930 3678 esse
948 3614 1119 3696 jactantes,
1147 3617 1200 3699 qui

139 3723 276 3786 omnium
304 3721 415 3803 rigare
444 3721 581 3785 debcant
608 3721 749 3802 ingenia,
776 3728 925 3784 arescant
953 3721 1015 3805 ipsi
1045 3722 1200 3787 siccitate.

136 3826 213 3894 Noo
235 3827 429 3906 istomodo,
455 3827 567 3913 iuquit,
596 3823 728 3913 Chares
755 3845 777 3892 a
803 3824 957 3915 Lysippo
983 3834 1117 3896 stoicos
1144 3825 1197 3912 so-

164 3985 191 4065 ¹)
212 3982 267 4054 Cff.
288 3981 425 4066 Prolcgg.
446 3979 465 4044 l
485 4001 514 4062 p.
535 3979 585 4045 40.
607 3981 658 4044 44.
679 3982 730 4045 45.
752 3981 801 4045 68.
822 3979 873 4046 73.
894 3981 943 4046 74.
965 3982 1014 4044 76.
1042 4047 1044 4050 ,
