2692 4666
137 546 220 593 cere
249 526 379 605 didicit,
411 532 449 590 ad
484 523 660 611 Lysippus
688 531 790 608 copul
821 525 1008 590 ostenderet
1037 521 1206 609 Myronis,

139 634 285 700 trucido
314 631 514 711 Praetutia,
533 638 652 716 pectus
672 631 840 717 Polycleti
851 656 863 708 ,·
883 633 943 697 sed
962 635 1071 698 curato
1089 649 1205 697 coron

138 745 336 824 nepsam
355 737 533 821 facientem
558 737 698 818 medor,
724 746 909 804 cderorroa
935 756 1038 821 opero
1063 739 1117 804 ccl
1141 755 1205 805 sao

139 855 263 932 sponte
282 847 500 912 wasiderore
518 853 651 930 potera
673 845 710 927 ¹).
852 919 856 924 ,

204 957 257 1019 lox
277 954 339 1017 hac
360 955 604 1036 comparatione,
624 955 661 1018 ni
679 956 788 1035 fallor,
809 971 877 1017 cum
898 954 1096 1018 declamandi
1110 955 1205 1034 ratio,

138 1074 234 1146 qum
252 1062 405 1144 probavit
425 1062 537 1125 doctor
564 1063 796 1142 Herennianus,
825 1068 890 1126 turn
904 1081 1005 1141 vcro,
1033 1081 1124 1144 quam
1152 1062 1206 1126 liic

80 1203 89 1215 ν
141 1175 331 1252 spectamus,
362 1170 478 1233 electio
506 1172 729 1252 exemplorum,
760 1171 872 1254 quibus
898 1189 973 1232 usus
1001 1175 1059 1248 est,
1089 1171 1205 1251 optime

140 1278 349 1358 mtelligitm.
384 1261 600 1341 ¹Graviorum
629 1296 802 1358 causarum,
830 1296 909 1361 quas
930 1278 1042 1360 optimi
1063 1278 1207 1360 egissent

140 1391 297 1463 oratores,
319 1386 393 1448 loca
412 1385 447 1447 iu
468 1402 543 1448 suos
564 1404 639 1447 usus
661 1385 755 1448 etad
776 1390 896 1448 certum
916 1385 1130 1448 illustrandae
1153 1401 1206 1446 ar-

140 1493 184 1556 tis
206 1491 375 1555 consilium
394 1492 444 1555 ita
464 1476 634 1572 consertit,
656 1499 692 1554 ut
713 1493 878 1575 discipulis
893 1493 932 1556 ab
954 1492 1055 1573 ipsius
1076 1492 1206 1574 ingenio

142 1601 299 1682 profecta,
321 1599 435 1680 quippe
457 1599 662 1662 artificiosius
684 1602 859 1680 elaborata
880 1600 1077 1664 viderentur.
1097 1601 1208 1682 ltaque

142 1706 277 1789 propria
298 1707 453 1788 quaedam
477 1707 599 1770 iebant
626 1706 888 1770 declamationum
916 1708 1041 1788 species
1062 1705 1100 1788 ²),
1128 1725 1208 1789 quae

62 1858 65 1864 «
143 1813 322 1877 imitatione
360 1814 496 1878 everis
526 1814 631 1876 causis
660 1819 754 1877 erant
781 1832 965 1894 expressae.
1008 1817 1209 1896 Quapropter

144 1938 206 1983 non
226 1919 348 1998 mirum,
368 1938 429 1982 nec
449 1918 753 2002 reprehendendum,
768 1917 861 1998 hujus
882 1920 1012 2000 generis
1034 1920 1208 1983 imitatirm-

146 2026 226 2090 culis
247 2025 409 2089 abundare
430 2027 533 2091 libros
555 2028 595 2091 ad
617 2028 810 2090 Herennium
830 2026 994 2089 Ellendtio
1016 2026 1104 2089 visos
1125 2046 1207 2089 esse.

146 2134 322 2198 Videndum
342 2140 457 2214 tamen,
478 2154 519 2197 ne
542 2141 631 2197 erret
650 2135 743 2213 idem,
773 2152 865 2217 quum
891 2135 1068 2214 particulas
1089 2134 1208 2198 oratio-

145 2259 217 2306 num
237 2241 419 2306 habitarum
439 2242 558 2323 passim
577 2242 691 2305 obvias
714 2240 879 2305 existimet
900 2241 938 2320 ³).

151 2382 153 2392 ·
204 2351 332 2427 Verum,
366 2354 401 2411 ut
431 2356 544 2431 quarto
573 2349 657 2413 libro
687 2355 801 2412 auctor
827 2349 1072 2430 disputationem
1107 2350 1207 2428 illam,

146 2475 206 2539 qua
227 2456 373 2520 Graecos
396 2451 524 2519 dicendi
550 2457 722 2539 magistros
752 2456 864 2537 carpit,
891 2457 1053 2539 praefixit,
1082 2457 1130 2519 ita
1156 2474 1208 2519 ca-

144 2563 281 2627 rendum
302 2563 440 2642 videtur,
462 2583 504 2626 ne
533 2562 601 2644 ejus
629 2564 853 2646 disputationis
882 2565 1027 2628 rationes
1055 2564 1096 2628 ad
1117 2583 1209 2647 supe·

143 2671 249 2734 riores
278 2671 381 2734 libros
402 2676 521 2732 temere
551 2673 739 2734 referamus.
780 2673 909 2735 Diserte
949 2673 1032 2735 enim
1073 2672 1208 2735 exordio

145 2777 252 2860 quarti
282 2778 373 2840 dicit:
396 2777 570 2858 „Quoniam
599 2778 634 2840 in
662 2777 723 2840 hoc
744 2779 830 2843 libro
860 2779 899 2842 de
928 2778 1106 2842 elocutione
1135 2798 1208 2842 con-

147 2885 341 2966 scripsimus,
371 2891 406 2947 et
438 2884 551 2966 quibus
578 2884 613 2947 in
638 2885 736 2949 rebus
770 2904 849 2967 opus
875 2886 938 2948 fuit
967 2885 1123 2965 exemplis
1151 2883 1208 2962 uti,

145 2991 266 3056 uostris
287 2992 338 3055 usi
360 3010 474 3072 sumus,
495 3025 537 3037 --
556 2993 740 3056 necessario
761 2992 940 3055 faciendum
962 2996 1020 3069 est,
1042 2995 1078 3051 ut
1097 2989 1208 3072 paucis

146 3099 303 3162 rationem
324 3099 428 3161 nostri
449 3099 576 3162 consilii
599 3098 734 3161 demus.“
762 3098 891 3178 Pergit:
913 3097 1145 3176 „compluribus
1168 3099 1207 3161 de
1298 3123 1304 3135 ·

146 3206 250 3267 causis
270 3210 385 3287 putant
405 3212 564 3286 oportere,
586 3224 678 3288 quum
699 3205 762 3287 ipsi
782 3204 1016 3285 praeceperint,
1032 3223 1092 3288 quo
1114 3212 1207 3287 pacto

149 3316 297 3393 oporteat
331 3329 448 3374 ornare
486 3312 705 3391 elocutionem,
734 3308 978 3391 uniuscujusque
1009 3313 1140 3392 generis
1170 3313 1210 3377 ab

149 3424 278 3482 oratore
300 3423 355 3479 aut
376 3424 471 3499 poeta
489 3420 623 3500 probato
646 3424 800 3499 sumptum
820 3435 941 3498 ponere
959 3418 1210 3502 exemplum.“—

150 3525 310 3588 Tandem:
331 3526 499 3606 „exempla
513 3525 621 3588 aliena
641 3524 672 3589 si
685 3525 908 3606 posuissemus,
919 3525 1038 3589 lactum
1052 3529 1146 3603 esset,
1165 3529 1210 3602 ut,

218 3788 286 3848 Hoc
306 3789 423 3849 nomine
445 3807 499 3849 eas
520 3788 683 3868 appellavit
704 3788 867 3853 Schutzius
887 3790 1022 3851 Prooem.
1043 3807 1073 3931 p
1095 3787 1144 3870 oo.

170 3869 183 3910 ³
218 3868 402 4012 {etetpliroc
430 3869 594 3931 cavendum
622 3873 753 3952 providit
780 3870 943 3935 Westerm,
970 3870 1028 3952 Op.
1062 3866 1211 3951 .p.135.
