2692 4666
573 352 818 423 ..12-

234 529 392 592 Universe
415 528 539 612 quidem
558 530 794 594 meritissimum
814 528 968 593 solertiae
989 529 1116 594 laudern
1136 535 1232 595 nacto

169 644 202 698 et
224 638 278 699 vel
299 636 382 717 apud
402 636 629 699 dissentientes
656 637 739 707 tuito
770 642 820 701 est
845 635 881 718 ¹).
923 637 1028 701 Etiam
1055 638 1232 719 probabili-

171 748 238 805 tate
259 743 307 806 itu
327 744 491 806 nonnullis
511 744 641 825 placuit,
661 751 697 806 ut
709 749 906 807 mnemon
927 746 1083 808 mloulum
1104 752 1234 810 senten-

167 851 233 912 tiae
255 849 440 929 adjicerent,
461 870 500 914 oc
519 852 590 915 fere
611 851 708 915 inriti
729 856 963 914 cunctarentur.
991 854 1100 934 Neque
1122 859 1232 918 tannen

169 958 208 1021 ob
229 959 313 1021 omni
333 963 426 1040 parte
447 959 607 1021 satisfecit
626 959 745 1037 multis,
773 959 849 1022 eliis
879 959 975 1022 etiarn
1000 960 1101 1023 verbo
1130 966 1232 1024 toturn

166 1062 324 1125 rationem
344 1065 462 1126 tollere
484 1062 680 1127 conantibus
723 1062 813 1138 Quod
835 1063 919 1126 enim
944 1062 1118 1127 Schutrius
1148 1084 1231 1129 eorn-

167 1167 364 1233 menrlandoe
392 1170 573 1234 sententiae
600 1172 698 1233 conso
722 1175 882 1251 posuerat,
910 1169 1111 1252 Gniphonent
1138 1172 1231 1255 inge-

168 1296 271 1356 nuum,
286 1276 583 1356 inuenientium,
604 1277 662 1340 sed
683 1277 870 1358 expositum,
893 1276 1008 1340 deinde
1030 1297 1051 1341 a
1070 1279 1231 1341 nutritore

167 1402 225 1446 suo
245 1385 474 1464 manumission,
495 1385 529 1446 in
551 1384 697 1466 cognatis
718 1382 839 1448 habere
860 1385 1002 1467 potuisse
1023 1386 1229 1467 lierennirnn,

166 1489 271 1553 civem
291 1492 472 1569 Romanum,
488 1490 666 1574 negandum
687 1491 790 1553 risum
808 1496 858 1554 est
875 1491 1010 1554 Orellio.
1032 1485 1137 1555 Umom
1154 1490 1231 1572 hoe,

166 1596 213 1657 nit
235 1594 273 1673 ²),
304 1593 498 1660 ooeotntrmr
519 1600 713 1679 cornutio
734 1593 885 1676 fiontius
906 1601 1022 1662 euertit
1042 1602 1233 1680 speciosum

166 1706 335 1784 ceteroqui
355 1701 509 1768 Schotzii
531 1707 726 1786 opinionem,
747 1702 787 1767 de
807 1699 856 1768 M.
878 1698 1026 1768 Antonio
1042 1701 1230 1787 Gniptone,

168 1805 285 1870 lorum
312 1805 470 1872 librorum
495 1812 673 1891 scriptore.
715 1807 846 1874 Etenim
872 1808 1096 1893 ruotrudem
1124 1814 1169 1890 is,
1195 1815 1231 1875 im

167 1912 283 1979 Gellio
302 1919 393 1980 tenui
419 1913 495 1980 loco
516 1922 627 1994 nnus,
641 1920 816 1998 eruuntur
835 1922 868 1980 et
889 1934 912 1979 o
929 1919 1093 1981 nutritore
1112 1924 1232 2002 posteo

167 2026 402 2100 manumissus,
417 2027 612 2107 coornatione
633 2027 780 2108 ottiyortt
800 2021 838 2088 0.
861 2020 1063 2087 Herennium
1088 2023 1230 2090 nobilem

164 2128 323 2192 nominem
348 2127 554 2194 Romanum?
596 2130 682 2194 lien
709 2131 774 2194 alio
801 2131 873 2192 loco
897 2128 942 2208 3);
979 2128 1110 2213 Gnipho
1139 2138 1231 2196 certe

166 2256 232 2300 non
252 2233 318 2316 sui
337 2240 487 2303 inemo
501 2235 641 2316 litetur,
663 2243 719 2320 qni
740 2236 785 2300 ad
797 2234 1000 2301 Herennium
1019 2241 1177 2321 scripsit:
1198 2243 1231 2305 is

165 2348 261 2420 enine,
282 2349 396 2427 eripete
416 2342 591 2409 lueremus
610 2343 717 2421 tomo,
729 2341 822 2407 nullo
842 2342 936 2405 modo
958 2341 996 2408 0.
1014 2342 1230 2424 Herennium,

164 2449 303 2514 nobilem
324 2454 427 2514 domm
447 2446 643 2527 Romanum,
672 2453 869 2532 coynutione
897 2455 1060 2533 ottinyne
1085 2459 1230 2535 poteret.

164 2557 302 2619 Brevins
325 2575 450 2635 uereor,
472 2576 564 2639 quom
584 2559 696 2622 verius
716 2559 785 2622 ille.
812 2561 892 2623 Nam
913 2560 1034 2622 diserte
1055 2560 1230 2625 Suetonius

165 2662 365 2744 Gniphonenr
386 2667 571 2747 inyenuum,
585 2684 650 2728 non
672 2664 858 2730 libertinum
879 2666 1071 2749 appellati).
1093 2670 1231 2751 ingenui

164 2777 268 2834 autern
290 2790 382 2853 quum
403 2773 477 2852 sint,
500 2773 553 2855 qui
575 2791 618 2836 ex
637 2780 739 2838 matre
760 2775 867 2838 libero
888 2781 962 2837 sunt
982 2776 1059 2855 nati,
1079 2778 1153 2840 fieri
1172 2799 1230 2862 po-

163 2879 234 2959 tuit,
261 2883 297 2942 ut
314 2883 419 2942 mater
441 2878 620 2961 Gniphonis
641 2881 783 2944 Romane
804 2887 892 2944 esset
916 2886 949 2944 et
969 2880 1138 2961 conjuncta
1158 2904 1229 2949 curn

165 2986 399 3050 Herenniorum
419 2987 551 3050 familie.
593 2989 658 3051 lies
685 2987 733 3051 itu
759 3007 794 3051 se
815 2986 934 3053 habere
956 2991 1066 3072 potuit
1109 2990 1229 3072 ritino,

163 3095 329 3175 expositus
350 3114 371 3158 o
390 3096 585 3177 parentibus,
606 3097 641 3160 in
662 3097 820 3160 servitute
843 3096 1045 3174 educabatur,
1066 3098 1181 3161 deinde
1207 3118 1229 3161 a

162 3200 330 3282 nutritore,
345 3203 399 3283 qui
420 3222 489 3266 erno
510 3209 704 3284 susceperat,
717 3204 1007 3267 manumittebatur.
1034 3205 1227 3269 Resciscens

201 3455 224 3531 ¹)
245 3451 376 3525 Wetzel,
395 3452 499 3515 Rhett
519 3454 611 3516 Minu.
634 3454 702 3516 Vol.
723 3452 745 3514 1.
766 3453 903 3535 Prolegg.
924 3475 952 3535 p.
977 3454 1023 3516 17.
1044 3453 1224 3518 Fuhrmann.

240 3534 357 3596 Hondb.
379 3536 406 3596 d.
428 3537 527 3599 class.
548 3537 640 3599 ther.
660 3535 730 3597 vot.
752 3535 786 3596 ΙΙ.
808 3560 840 3619 p.
861 3537 910 3599 88.
952 3536 1033 3597 Btihr
1060 3538 1119 3600 0.
1145 3539 1165 3599 l.
1195 3561 1225 3622 p.

243 3616 314 3682 370.
337 3618 425 3679 Hand
449 3619 466 3679 t
488 3620 505 3680 Ι.
539 3619 717 3698 Bernhardy
742 3618 800 3701 Op.
828 3621 846 3681 l.
869 3640 895 3679 n.
925 3619 964 3683 23
986 3626 1046 3684 not
1131 3627 1224 3685 oster-

204 3721 333 3864 nugari
348 3701 414 3845 {ig
432 3783 501 3844 Vol.
523 3783 544 3843 Ι.
564 3806 593 3866 p.
617 3785 676 3846 roi
696 3790 756 3845 not
778 3792 807 3852 5·

195 3865 222 4023 ΣΞ
242 3864 356 4012 ἓὲοῗιιι.
369 3866 495 4011 [Rutilio.
517 3867 587 3929 281.
608 3868 644 3930 el·
666 3888 695 3949 p.
718 3868 768 3930 ut.
