2692 4666
636 345 637 348 =
993 346 997 353 .

591 363 640 380 0-
688 330 742 402 w
789 363 881 388 -¹‚

189 526 284 594 qm
310 525 414 589 neque
440 523 505 585 res,
532 525 635 589 neque
661 523 769 570 rerum
794 503 921 567 nomina
954 502 1074 565 usitata
1106 519 1145 564 ae
1172 505 1254 564 nota

192 620 303 680 essent
322 614 481 693 Romanis,
502 612 583 677 haee
602 613 777 705 Rietoriea
803 614 845 676 sd
872 610 1067 675 Herennium
1093 609 1252 673 Murano-

187 739 257 786 run
276 718 379 805 ¹priua
399 727 493 804 atque
514 720 735 805 antiquissima
756 738 827 785 esse
839 718 994 784 habenda
1013 716 1124 782 Pstuit
1144 722 1251 778 autem

187 829 290 907 notis,
310 834 455 893 veterum
474 828 538 892 sude
560 835 594 892 et
614 828 815 908 auctoritate,
835 826 971 890 maxime
987 823 1155 907 probabile
1176 840 1251 886 esse

183 937 229 1000 de
250 935 424 1001 Rhetorica
445 937 570 1000 Aelium
591 936 769 1018 scripsisse.
812 933 902 1012 Quod
932 933 961 996 si
987 931 1102 1014 negari
1131 931 1252 1013 nequit,

189 1061 288 1108 seusa
322 1050 381 1125 est,
410 1063 467 1107 our
496 1044 723 1122 existimemus,
752 1042 885 1124 primunr
910 1041 1001 1103 illum
1029 1038 1069 1101 de
1103 1056 1143 1101 ea
1178 1042 1251 1101 arte

190 1149 340 1216 subtilius
362 1157 396 1213 et
422 1150 525 1213 fusius
552 1150 749 1232 exposuisse,
775 1154 820 1225 ut,
848 1147 901 1230 qui
930 1152 1005 1210 ante
1033 1163 1102 1208 eum
1124 1143 1253 1225 experti

189 1264 302 1325 ment
328 1259 482 1341 quaedem
510 1276 706 1340 componere,
740 1255 820 1321 Cato
851 1260 886 1318 et
910 1254 1076 1332 Antonim,
1105 1249 1173 1333 ejus
1204 1251 1253 1315 in-

188 1364 314 1430 dustria
335 1370 573 1448 superarentur.
593 1367 672 1430 Noun
694 1383 785 1448 quum
807 1368 940 1442 constet,
962 1363 1145 1426 auctoribus
1159 1360 1254 1424 Aelio

193 1478 228 1537 et
249 1454 376 1552 Servio,
398 1472 612 1536 Grammatico
633 1472 740 1535 studia
760 1473 877 1536 Minoe
900 1469 1088 1550 effloruisse,
1107 1466 1255 1548 conjuro·

190 1584 243 1643 tos
264 1583 369 1642 ruteni
388 1578 489 1642 fuisse
512 1597 550 1642 eo
571 1584 713 1661 tenpore
735 1577 970 1643 Grammatiooe
999 1582 1032 1641 et
1057 1575 1255 1640 Rhetoricae

190 1685 417 1767 professiones,
438 1685 536 1748 facile
557 1684 591 1779 ip
614 1704 684 1749 eom
713 1685 906 1749 sententium
933 1683 1144 1767 perducimur,
1173 1682 1256 1745 utri-

191 1809 290 1875 usque
312 1792 393 1854 artis
415 1792 552 1855 studium
572 1792 672 1870 illius,
695 1793 749 1874 qui
771 1792 881 1856 senior
908 1796 1003 1870 esset,
1031 1791 1162 1873 scriptis
1187 1789 1255 1871 pri·

193 1916 276 1962 mum
296 1901 458 1963 excultum
480 1905 513 1962 et
532 1905 718 1982 proveetum
739 1919 821 1963 esse.
861 1951 864 1957 .

257 2005 316 2069 ilis
337 2007 487 2069 universe
508 2007 724 2089 praemonitis,
743 2005 922 2088 peculiaria
941 2003 1176 2087 persequamur.
1218 2004 1257 2068 in

197 2112 310 2195 quibus
330 2113 472 2195 primunu,
494 2132 574 2195 quae
596 2114 636 2177 de
657 2114 822 2178 doetrinae
850 2113 950 2196 sopio,
983 2113 1108 2195 qualem
1133 2111 1168 2174 in
1193 2111 1259 2174 lie·

196 2220 353 2282 reuniono
389 2220 518 2284 doctore
555 2222 771 2303 cognovimus,
805 2221 941 2284 dicenda
978 2218 1137 2297 videntur,
1173 2215 1260 2280 haud

195 2327 306 2391 aliena
333 2333 409 2390 sunt
435 2327 476 2391 ab
509 2326 596 2391 Aelii
628 2346 777 2411 persona.
820 2328 953 2410 Utrique
987 2325 1071 2390 eninr
1109 2330 1261 2388 ueoursts

198 2432 395 2498 Graecarum
422 2440 456 2497 et
488 2435 676 2498 Latinorum
711 2436 878 2499 literarum
912 2434 1054 2518 cognitio
1091 2432 1262 2496 eommunis

196 2540 260 2605 isit
272 2538 308 2620 ¹).
330 2540 420 2626 Quod
441 2545 547 2604 autem
566 2541 626 2604 illo
647 2543 687 2603 do
711 2560 746 2604 se
767 2540 942 2622 fatetur²):
964 2559 1047 2621 „non
1068 2559 1126 2622 spe
1146 2553 1262 2622 quaes-

105 2683 108 2689 ι
197 2650 251 2710 tus
272 2653 328 2709 ant
347 2647 474 2728 gloriae
502 2647 647 2712 commoti
677 2650 822 2713 venimus
853 2650 894 2712 ad
921 2649 1130 2728 scribendum,
1158 2664 1263 2730 quon-

197 2753 362 2818 sdmodum
379 2755 488 2834 ueteri,
511 2755 568 2818 sed
588 2762 624 2818 ut
643 2756 803 2821 industria
822 2762 936 2820 nostra
955 2757 1030 2819 t'uae
1051 2773 1170 2818 moreni
1204 2772 1261 2836 ge·-

198 2879 307 2926 ramus
329 2859 525 2926 voluntati“:
547 2865 698 2927 convenit
724 2864 760 2928 in
780 2864 914 2945 Aelium,
936 2864 1081 2946 equitem,
1094 2864 1266 2926 Romanurn

199 2988 270 3058 euno
290 2971 405 3052 primis
424 2969 599 3052 honesturn,
621 2969 709 3051 eujus
737 2991 801 3035 non
830 2978 925 3053 esset,
953 2970 1185 3036 mercenarium
1212 2955 1262 3034 lu'·

199 3075 272 3141 dum
294 3079 430 3159 aperire,
452 3079 509 3142 sed
529 3080 708 3161 gratificari
730 3080 892 3144 studiosae
908 3077 1081 3161 juventuti,
1096 3097 1176 3161 quae
1192 3094 1264 3142 err·

199 3182 270 3246 diri
283 3181 496 3250 humanitatis
518 3186 697 3270 disciplinis
718 3188 832 3250 vellet.

265 3290 367 3352 Porro
387 3296 520 3374 nepotis
539 3289 740 3374 familiaria,
775 3294 886 3376 quibus
916 3293 1061 3376 queritur
1088 3296 1200 3354 auctor
1227 3308 1264 3354 se

201 3394 349 3476 inpediri
365 3398 527 3478 quominus
543 3401 647 3464 studio
662 3400 865 3482 suppeditare
878 3401 958 3464 satis
970 3399 1080 3483 possit,
1092 3396 1265 3463 Seiutzius

203 3501 437 3584 interpretatur
458 3505 497 3568 de
520 3507 705 3589 quotidiana
724 3508 903 3571 familiares
924 3508 945 3571 i.
967 3527 995 3570 e.
1017 3505 1190 3587 discipudos
1211 3506 1266 3568 do-

206 3610 298 3673 cendi
320 3629 418 3693 opero
428 3609 465 3691 ³).
486 3614 585 3677 Recte
600 3616 732 3696 quiden,
751 3601 861 3680 verum
881 3615 980 3679 latius
1000 3620 1112 3697 putere
1134 3613 1266 3696 negotia

304 3788 323 3828 u
346 3787 378 3830 ru
398 3787 427 3850 p.
449 3765 497 3830 dt).
518 3785 587 3848 sqq.
610 3764 732 3828 Sohutz.
754 3763 888 3827 Prooem.
909 3784 938 3847 p.
960 3763 1008 3828 59.
