2692 4666
138 530 323 597 Satirarum
343 529 631 596 librmndedicavit
642 529 678 612 ¹).
697 530 789 610 Sunt,
809 530 863 615 qud
883 529 981 594 simili
1000 530 1186 598 benivolen-

137 638 202 703 tiae
223 637 443 723 amicitiaeque
476 639 657 704 testimonio
683 638 807 703 Aclirnn
840 637 991 704 acoelio
1011 637 1203 734 Antipatro,⁴

173 855 198 933 ¹)
214 852 304 914 Auct
325 849 364 912 ad
383 849 455 914 Her.
483 849 537 912 lv.
566 849 612 912 lu.
642 849 711 921 Qu
743 850 776 910 iu
801 850 875 912 citio
900 803 1110 927 (inconcinnae.
1134 857 1191 916 tra·

215 935 372 1080 {sabatiow
399 941 445 996 ert
469 933 606 996 hmilitas
633 933 783 1049 assiduum,
808 940 843 994 ut
869 932 928 994 boc
954 941 1001 996 esc
1027 934 1060 995 iu
1082 937 1190 1016 priora

275 1039 294 1080 o
1165 1074 1168 1079 .

296 1098 366 1162 Has
385 1118 436 1161 ror
455 1099 501 1160 ud
519 1106 549 1160 te
569 1099 710 1179 scriptos,
730 1096 818 1168 Luci,
839 1098 979 1169 nucinum,
998 1096 1073 1160 Aeli

213 1179 315 1242 Minus
336 1187 418 1242 recte
438 1180 556 1242 Ernest.
577 1179 669 1241 Clare
695 1179 756 1241 Cic
785 1200 813 1240 v.
840 1180 879 1242 L.
907 1178 1020 1252 Aelius,
1052 1181 1140 1243 dicit:
1161 1183 1190 1244 ol

215 1262 352 1325 Lucilius
383 1262 475 1323 libror
503 1263 670 1323 Satirarum
697 1262 869 1342 inscripsit3
901 1281 1028 1343 namque
1058 1262 1097 1326 de
1123 1264 1190 1326 solo

170 1349 174 1370 ¹
238 1347 315 1407 rioro
335 1344 410 1405 libro
431 1346 543 1406 mentio
571 1344 611 1405 uc
635 1342 761 1404 Fallitur
780 1344 869 1416 idem,
889 1351 921 1407 et
948 1365 1015 1406 ouum
1040 1365 1077 1408 oo
1105 1345 1191 1409 Orel-

215 1365 287 1498 dius,
305 1444 425 1488 versum
452 1427 491 1488 ab
517 1430 639 1486 auctore
666 1424 817 1487 laudatum
847 1427 958 1488 frustra
982 1429 1084 1508 quaeri
1111 1428 1192 1510 apud

215 1507 351 1571 Donusam
372 1509 400 1569 in
422 1507 528 1569 Lucilii
549 1507 691 1588 reliquiis,
705 1509 920 1571 existimantes.
940 1507 1091 1572 iuvenitur
1112 1513 1191 1573 enirn

263 1589 312 1650 25.
333 1589 444 1663 Quaeri
466 1595 566 1651 autem
586 1591 694 1671 possit,
715 1609 817 1671 quare,
831 1611 922 1672 quum
940 1589 1048 1654 Lucilii
1069 1595 1192 1676 triginta

240 1673 379 1734 atirarum
398 1672 465 1734 libri
486 1673 525 1733 ab
554 1672 725 1733 auctoribus
758 1678 966 1744 memorentur,
1006 1674 1122 1737 Auctor
1151 1675 1191 1738 ad

213 1752 396 1815 Herennium
418 1757 556 1835 priorem
581 1753 688 1815 librum
714 1753 887 1816 laudaverit
933 1753 1042 1817 Mirum
1071 1757 1190 1820 uidetur

212 1835 361 1898 accidisse
382 1835 522 1908 Ernesto,
542 1837 593 1918 qui
613 1835 632 1896 l.
651 1836 674 1901 L
691 1839 825 1918 mimum
849 1835 964 1908 librum,
993 1858 1051 1899 non
1072 1839 1191 1903 redditi

213 1920 316 1989 causir
328 1918 428 1980 edidit
451 1918 562 1981 Exstat
573 1918 691 1999 quidem
704 1917 904 1981 inPitboeano
921 1919 985 1980 cod
996 1920 1076 2000 apud
1086 1920 1190 1990 Burni.

210 1999 300 2061 lectio
321 2003 355 2061 iu
370 2005 473 2083 pruno
492 2000 577 2072 libro,
600 2021 703 2063 varum
722 2001 880 2063 discedunt
897 2002 935 2062 ab
953 2022 991 2062 ea
1016 2022 1122 2065 omnes
1142 2025 1189 2066 co·

209 2084 277 2155 teri,
297 2084 471 2165 videturque
493 2084 532 2145 ab
553 2082 659 2147 audaci
679 2083 789 2144 librarii
809 2103 899 2144 manu
917 2083 1059 2164 prosecta
1082 2085 1188 2169 ltaque

210 2165 241 2226 in
278 2185 345 2227 eum
371 2167 551 2228 seutentiam
584 2165 714 2237 inducor,
739 2171 773 2227 ut
798 2171 901 2246 putem
929 2185 966 2227 ea
991 2173 1100 2239 aetate,
1127 2187 1188 2249 qua

212 2249 318 2391 ἓοῑέρίί
338 2254 411 2310 sunt
430 2248 496 2310 libri
500 2248 558 2391 Lad
566 2246 938 2390 'derennidimt’rtdoddumf
953 2249 984 2347 in
1013 2249 1188 2394 totunm&

240 2350 298 2390 au
402 2351 420 2390 o
566 2349 685 2389 uranum
736 2350 753 2390 s
813 2350 953 2390 umu
1176 2368 1188 2382 ·

211 2431 1188 2572 .

211 2575 311 2652 magis
331 2575 482 2655 probatur,
495 2572 574 2655 quod
595 2578 677 2634 certa
698 2575 845 2654 quaedam
868 2576 936 2656 ejus
956 2579 1086 2660 vestigia
1106 2599 1189 2641 asse-

213 2661 302 2716 cutus
323 2655 434 2716 videor.
455 2655 574 2718 Etenim
595 2676 613 2718 a
633 2657 754 2736 triginta
774 2657 858 2718 libris
879 2657 938 2719 duo
958 2665 1041 2731 sunt,
1061 2680 1189 2741 quorum

212 2737 318 2800 titulus
344 2737 499 2809 indicatur,
525 2740 639 2819 primus
664 2758 701 2799 ac
727 2745 832 2801 sextus
859 2739 1002 2802 decimus.
1041 2743 1129 2805 Alter
1150 2743 1189 2804 ab

211 2820 283 2964 ilgso
311 2819 431 2881 exordio
464 2821 601 2881 Domum
634 2821 794 2883 conciliem
826 2827 960 2894 vocabis,
994 2829 1074 2887 testa
1101 2823 1189 2887 Laut.

243 2904 280 2963 iv.
300 2900 372 2965 lust
395 2901 445 2962 lv,
467 2904 494 2964 3.
517 2902 563 2965 cff.
584 2902 708 2964 Servius
734 2903 774 2964 ad
799 2904 876 2968 Aen·
903 2909 943 2968 Χ.
973 2905 1040 2968 lot.
1067 2913 1100 2969 et
1126 2906 1187 2970 Jul.

212 2985 345 3047 Sabinus
366 2985 405 3046 ad
425 2985 444 3046 Ι.
465 2986 532 3047 lv.
556 2984 604 3050 18.
625 2985 673 3046 De
694 2985 789 3047 altero
811 2983 998 3068 Porphyrion
1024 2988 1063 3050 ad
1083 2989 1187 3051 Horat.

212 3066 271 3128 0d.
291 3067 389 3132 xxti.
412 3067 464 3130 10.Ι
478 3068 571 3129 Liber
591 3066 705 3130 humb
725 3069 860 3130 decimus
888 3077 995 3131 semim
1024 3071 1191 3154 Collyra

212 3149 386 3213 inscribimu-
406 3171 441 3212 co
462 3153 545 3232 quod
564 3151 604 3212 de
625 3149 750 3232 Collyra
769 3153 869 3212 amica
897 3172 954 3214 suu
978 3155 1114 3235 scriptun
1140 3156 1189 3218 ait.

210 3229 281 3294 Non
308 3234 419 3304 nescio,
444 3233 542 3294 locum
568 3232 782 3313 Porphyrionis
808 3235 899 3294 etiam
924 3235 970 3295 sic
995 3235 1069 3318 logi:
1094 3236 1190 3298 Liber

211 3313 285 3375 sex.
306 3312 399 3376 Decii
419 3314 543 3396 &Hyia
563 3314 744 3386 inscribitur,
765 3315 821 3376 sed
842 3317 942 3398 gravis
963 3323 1012 3379 est
1031 3317 1190 3391 dubitatio,

212 3414 283 3456 num
303 3417 375 3458 vera
394 3399 448 3472 sit3
469 3417 539 3461 nam
558 3398 629 3459 Sex„
657 3395 770 3459 Decius
799 3403 890 3481 poeta
916 3419 954 3460 ne
981 3401 1098 3461 uomina
1146 3402 1189 3462 ui·

211 3477 281 3539 dem
302 3485 397 3540 notus
418 3477 520 3550 Quare
539 3481 569 3539 in
591 3480 717 3540 lucdono
737 3481 844 3560 priore,
862 3499 951 3560 quam
971 3479 1076 3542 Dousa
1095 3421 1191 3544 hrdrct

214 3561 244 3624 in
265 3560 378 3622 Lucilii
398 3560 469 3621 Rei·
488 3605 496 3621 .
516 3582 545 3644 p.
567 3561 615 3622 56.
638 3561 675 3620 ci.
696 3560 756 3631 98„
785 3581 909 3642 prorsus
936 3583 973 3624 ac
995 3564 1191 3626 uiesoendum

213 3642 339 3704 videtur.
366 3642 436 3704 Vid.
488 3664 570 3704 uncc.
598 3643 650 3703 Dc
669 3642 760 3704 Adol.
779 3643 816 3703 L
837 3643 875 3704 L
905 3665 934 3725 p.
996 3689 1005 3705 .
1036 3645 1190 3727 Suringar.

212 3725 294 3789 flua
316 3724 390 3790 Crit
409 3723 583 3787 &murrea
603 3725 684 3787 Lutt.
707 3723 777 3785 Vol.
805 3723 854 3784 111.
876 3749 906 3807 p.
930 3727 977 3788 19.
1002 3733 1035 3790 et
1055 3726 1133 3789 ada
1156 3752 1188 3810 p.

215 3808 345 3871 1911-
364 3806 411 3869 Ex
431 3806 479 3868 his
500 3813 600 3869 autem
620 3805 700 3868 haud
727 3808 827 3888 inepta
854 3806 1058 3891 conjiciemus,
1088 3811 1189 3893 bipar-

212 3892 300 3952 titum
320 3911 396 3974 opus
416 3887 522 3950 Lucilii
544 3889 649 3960 fuisse,
663 3888 749 3969 cujus
766 3895 923 3971 utramque
946 3896 1063 3973 parmm
1083 3889 1189 3957 Gram-

214 3974 314 4036 matici
336 3975 365 4035 in
386 3971 553 4056 quindecim
572 3971 665 4035 libros
685 3970 897 4035 distribuerint.
