2692 4666
487 367 769 438 ...as-

207 546 305 622 Quom
334 547 467 610 verium
494 545 651 610 assiduus
685 551 793 609 exstet
830 548 866 610 in
899 547 970 624 xli,
1002 546 1178 609 verisimile

207 659 261 732 est,
282 654 413 717 illorum
433 655 645 736 interpretem
670 673 697 729 a„
718 653 874 719 cicerone
900 654 1054 736 intelligi,
1079 659 1116 719 nt
1141 654 1181 717 de

205 761 305 843 legg.
327 764 367 824 11.
388 766 438 824 23.
469 761 530 837 Qui
557 766 664 824 tumen
690 761 803 826 Aelius
827 761 922 840 Stilo,
951 780 993 824 au
1020 762 1182 824 vetustior

204 868 281 933 Sex.
316 868 426 933 Aelius
448 868 678 930 existimandus
700 869 751 947 sit,
780 868 913 946 difficile
941 873 992 930 est
1019 867 1180 930 dirimere.

204 975 300 1038 'l'este
322 974 528 1038 lleimbachio
546 996 577 1056 p.
597 980 648 1038 38.
668 975 847 1040 llirkseuus
867 974 946 1041 Sex.
980 974 1106 1039 delium
1128 995 1182 1039 oo·

205 1083 309 1164 pilare
338 1083 459 1147 malrrit
502 1082 564 1147 cff.
594 1101 674 1165 quae
709 1081 769 1146 ille
803 1086 952 1147 accurate
979 1081 1018 1144 de
1045 1081 1181 1147 assiduo

207 1189 357 1272 disputat.
802 1209 804 1213 ·

622 1299 680 1360 111.

149 1395 280 1467 illan
299 1402 341 1467 de
361 1399 404 1468 Ιι.
424 1399 467 1468 L.
492 1399 529 1469 V.
545 1421 578 1486 p.
602 1409 671 1469 lua
691 1400 843 1486 Sperrpei

189 1512 220 1573 ln
239 1512 312 1573 foro
333 1510 478 1575 LACUM
500 1510 734 1575 coarmata
762 1510 873 1576 Curtio
904 1510 1022 1573 dietum
1051 1514 1184 1590 masat,

145 1616 218 1680 etde
239 1637 277 1680 eo
300 1618 424 1698 triplex
443 1616 596 1693 historia;
617 1636 690 1680 unm
711 1623 744 1680 et
766 1618 1002 1682 Prociliusuou
1018 1617 1189 1703 idemm-

141 1719 205 1786 didit
228 1725 310 1807 quod
332 1724 415 1805 Piso,
436 1742 504 1803 nec,
526 1723 608 1806 quod
628 1725 667 1804 is,
690 1720 728 1788 0.
749 1717 869 1790 Aelius
889 1722 981 1789 Stilo
1002 1729 1187 1789 secutus-

144 1822 178 1892 d.
195 1826 312 1896 Aelius
332 1836 366 1893 et
385 1831 533 1894 Lutatius
556 1832 699 1896 scribunt
719 1865 761 1877 -

208 1939 332 2021 Anceps
354 1940 497 2021 quaestio
519 1944 570 2001 est
591 1939 629 2001 de
651 1958 731 2002 vera
752 1938 889 2002 nominis
911 1939 1080 2020 scriptura
1123 1936 1184 2001 co-

211 2046 313 2109 dicum
335 2046 524 2108 auctoritate
545 2047 668 2111 Miller
689 2042 868 2110 Cornelius
887 2041 977 2109 Stilo
998 2078 1040 2091 —
1061 2040 1185 2118 Come-
1212 2085 1215 2093 ·

205 2150 271 2217 lius
293 2152 402 2232 edidit,
423 2158 551 2214 secutus
572 2152 786 2235 Spengelium
809 2153 863 2237 qui
884 2153 991 2216 Praef.
1011 2173 1042 2234 p.
1062 2153 1114 2217 55.
1135 2151 1184 2214 di-

206 2259 258 2337 eit,
284 2264 415 2322 veteres
441 2260 546 2322 libros
573 2279 681 2323 omnes
709 2258 829 2324 habere
868 2256 1057 2336 Gamelirw,
1091 2253 1181 2338 nujus

204 2384 268 2428 non
287 2367 412 2448 recepti
433 2386 502 2428 eum
522 2367 713 2448 poenitebat
734 2366 809 2429 Alia
829 2366 961 2448 quidem,
980 2365 1099 2447 pergit,
1117 2382 1187 2429 enm

206 2491 268 2535 uno
291 2473 326 2535 iu
346 2474 418 2535 loeo
440 2473 561 2536 vetusti
587 2474 752 2536 retineant
779 2469 925 2537 Stilonis
950 2490 1073 2552 nomen,
1103 2471 1187 2557 qnod

206 2580 308 2662 ipsum
344 2580 585 2660 emendatorem,
615 2587 650 2644 ut
686 2577 724 2645 0.
762 2573 881 2643 Aelius
915 2579 1105 2662 corrigeret,
1138 2578 1189 2641 iu·

209 2685 342 2747 drrxisse
357 2684 495 2765 videtur,
510 2685 683 2748 difficultas
696 2684 822 2761 existit3
844 2684 954 2748 sedne
976 2683 1049 2747 huie
1063 2684 1188 2767 quidem

203 2790 298 2856 fidem
323 2791 439 2856 tribuo.
481 2792 564 2868 Quid
592 2793 677 2867 enim
701 2793 879 2855 Varronem
912 2793 1069 2855 brevitati
1100 2790 1186 2854 haud

205 2915 317 2980 panim
345 2898 531 2977 studentem,
558 2904 593 2960 ut
619 2901 719 2961 semel
745 2899 902 2961 iterumve
933 2895 971 2962 0.
991 2892 1109 2982 Aelius
1130 2897 1186 2958 vel

207 3001 245 3069 0.
265 2998 385 3068 Aelius
397 3003 500 3082 Stilo,
516 3006 639 3069 centies
661 3024 739 3068 vero
760 2999 880 3070 Aelius
900 3004 1091 3086 simpliciter
1108 3003 1188 3066 seri-

206 3112 309 3192 beret,
329 3113 488 3176 moverit?
510 3149 550 3161 -
566 3115 797 3195 luterpolatam
816 3113 988 3175 lectionem
1009 3112 1105 3174 etiam
1124 3109 1186 3174 hoe

208 3220 326 3300 prodit,
348 3221 430 3302 quod
449 3221 563 3284 Aelius
584 3221 669 3285 Stilo
690 3216 831 3295 Lucium
851 3238 915 3281 non
936 3215 1043 3302 Cujus
1062 3218 1189 3280 dicitnr.

210 3325 259 3391 Gi.
280 3327 403 3390 Miller
423 3329 446 3390 l.
466 3331 489 3391 l.
524 3329 644 3405 Quodsi
671 3329 772 3411 igitur
802 3326 971 3392 Cornelius
992 3326 1023 3390 lr.
1045 3329 1068 3390 1.
1095 3346 1189 3408 repo-

208 3430 333 3497 nendu
353 3441 412 3514 est,
434 3436 504 3498 sine
526 3437 620 3500 dolio
642 3437 679 3497 L.
700 3434 870 3500 cornelius
891 3433 1031 3499 Sisenna
1056 3433 1187 3498 histori-

210 3542 359 3604 euoluit

633 3651 686 3713 Ν.

133 3749 313 3819 rmus
334 3774 363 3820 o.
384 3752 549 3821 natm.

176 3852 397 3926 DAMVUM
407 3863 560 3943 rupim
574 3864 623 3925 uit
638 3878 715 3925 esse
727 3858 899 3937 Aurelius,
910 3855 1028 3925 Aelius
1039 3855 1183 3921 mettano

211 3963 304 4028 Aelio
324 3964 446 4031 Stiloui
466 3966 570 4048 potius
592 3985 683 4048 qnam
703 3965 797 4031 Aelio
818 3965 915 4029 Gallo
941 3964 1002 4028 loe
1028 3965 1188 4045 fragmen·
