2692 4666
201 1038 263 1103 llis
282 1037 331 1102 ita
352 1037 392 1101 de
411 1037 576 1120 utriusque
596 1037 662 1101 viri
683 1038 753 1102 vita
779 1039 944 1120 expositis,
970 1041 1129 1122 pergimus
1157 1044 1199 1108 ad

137 1147 307 1211 doctrinae
326 1146 462 1225 laudem,
483 1164 545 1228 qua
564 1146 692 1229 proprie
723 1147 954 1213 excelluerunt
997 1150 1200 1224 Quemadmo-

139 1255 213 1318 dum
246 1261 281 1318 ct
319 1273 341 1318 a
378 1254 492 1337 quibus
518 1255 659 1317 instituti
692 1254 767 1333 sint,
793 1235 889 1337 plane
917 1256 953 1320 in
980 1257 1112 1321 obscuro
1140 1264 1200 1321 est.

139 1361 299 1425 Bmuntur
320 1367 425 1425 anum
445 1358 539 1424 multi
558 1378 601 1424 uc
620 1363 707 1424 varii
727 1366 760 1424 et
786 1364 821 1425 in
849 1361 1002 1427 marino
1029 1370 1061 1428 et
1086 1367 1122 1428 iu
1148 1382 1201 1428 re-

139 1465 278 1550 publica
296 1463 569 1546 ucucfutsoe1).
611 1467 680 1530 llac
707 1467 828 1549 duplici
854 1470 950 1533 laude
975 1471 1203 1554 intelligumtnr

141 1575 249 1639 studia
270 1574 503 1638 Grammaticae
525 1579 558 1636 et
577 1572 779 1654 Rhetoricae,
799 1575 835 1638 in
855 1594 986 1657 quanm
1005 1578 1203 1660 disciplinam

138 1681 339 1764 juvenmten
358 1683 530 1744 Romanam
551 1681 759 1762 accipiebant.
785 1684 864 1744 Num
883 1684 1043 1763 publicam
1064 1685 1205 1749 scholam

143 1789 340 1871 aperuerint,
360 1787 395 1851 in
416 1806 508 1870 quam
527 1787 674 1851 mercede
702 1789 808 1870 quivis
836 1790 1065 1871 admitteretur,
1091 1792 1205 1856 merito

144 1896 331 1974 dubitamus,
353 1895 499 1976 quoniam
520 1913 542 1957 a
560 1894 714 1960 Suetonio
733 1915 798 1959 non
824 1896 859 1959 in
888 1896 1018 1959 illorum
1044 1917 1207 1962 nunnorum

144 2004 338 2081 referuntm,
368 2001 422 2083 qui
448 2001 588 2064 docendo
620 2003 736 2064 famam
772 2002 835 2066 sibi
865 2010 1143 2085 comparaverunt3
1171 2005 1206 2068 in

146 2111 259 2192 quibus
279 2109 429 2190 princeps
449 2109 489 2172 ab
511 2127 549 2171 eo
569 2109 700 2190 ponitur
720 2107 858 2175 saevius
878 2109 1019 2173 Nicanor
1030 2108 1068 2189 ²).
1088 2111 1207 2175 Viden-

146 2221 199 2280 tur
226 2216 290 2283 sibi
316 2215 512 2295 potissimum
538 2215 683 2278 cultioris
717 2216 848 2297 generis
882 2217 1055 2298 discipulos
1084 2217 1209 2300 quaesi·

147 2323 245 2402 visse,
267 2340 397 2403 quorum
417 2321 577 2384 institutio
599 2342 637 2385 eo
658 2325 771 2386 valere
794 2324 935 2404 deberet,
959 2331 995 2387 ut
1015 2326 1071 2388 vel
1092 2325 1133 2388 ad
1153 2344 1209 2406 ge·

148 2428 279 2494 rendam
297 2428 526 2511 rempublicam
547 2434 580 2490 et
601 2429 642 2492 ad
662 2430 762 2495 vitam
782 2431 951 2510 forensem,
972 2433 1028 2494 vel
1049 2431 1090 2494 ad
1109 2431 1209 2496 bona-

147 2554 216 2600 rum
236 2536 404 2600 literarmn
430 2536 537 2600 studia
561 2538 748 2620 praeparati
769 2539 968 2602 accederent
1010 2541 1211 2622 Quapropter
1235 2577 1237 2580 >

149 2645 254 2724 credo,
284 2648 321 2707 ut
349 2643 602 2707 satisfacerent
629 2645 827 2727 singulorum
854 2647 1081 2728 discipulorum
1107 2646 1212 2711 indoli

149 2769 187 2816 ac
213 2750 384 2830 volomtati,
412 2751 552 2814 diversis
581 2770 636 2814 eos
674 2754 868 2836 temporibus
899 2753 1143 2818 Grammaticam
1178 2759 1212 2817 et

150 2857 355 2922 llbetoricam
389 2856 543 2937 docuisse,
578 2858 831 2939 quemadmodum
857 2861 902 2922 Μ.
937 2860 1105 2924 Antonimn
1133 2859 1212 2923 (lni-

149 2962 286 3047 pboncm
305 2963 492 3043 instituisse,
513 2962 659 3030 Suetonii
680 2966 782 3029 verba
797 2966 970 3030 'declarant
992 2965 1028 3046 ὃ).
1050 2967 1103 3029 lix
1124 2965 1211 3029 Aelii

150 3070 317 3152 disciprdis
338 3070 399 3132 duo
425 3070 571 3150 maxime,
600 3070 657 3133 sed
685 3091 702 3134 e
724 3072 856 3135 diversa
876 3072 1046 3153 disciplina
1065 3072 1139 3152 viri,
1159 3073 1211 3135 in-

150 3179 345 3255 claruerunt,
365 3177 469 3239 Varro
492 3182 525 3238 et
545 3176 673 3254 cicero
694 3169 785 3240 illum
804 3179 840 3241 in
860 3178 977 3257 literis,
996 3177 1081 3241 brmc
1107 3179 1143 3242 in
1163 3180 1213 3243 di-

150 3284 245 3348 cendi
263 3283 390 3347 ratione
411 3283 560 3346 erudivit.
582 3285 720 3367 Uterque
743 3284 818 3366 quid
832 3284 872 3347 do
884 3284 1039 3365 magistro
1051 3287 1212 3368 retulerit,
1280 3304 1288 3317 ·

150 3391 337 3456 videbimus.
357 3390 423 3456 Sed
442 3370 571 3454 monent
590 3411 650 3454 nos
670 3392 773 3455 verba
783 3389 938 3470 Suetonii,
956 3397 1000 3471 ut,
1012 3411 1104 3474 quam
1116 3412 1214 3482 supra

152 3498 264 3565 exorsi
285 3516 389 3560 sumus
411 3499 450 3560 de
472 3497 704 3563 Grammaticso
731 3499 846 3564 studiis
876 3500 1132 3582 disputationem,
1157 3501 1211 3566 bic

148 3603 216 3686 jam
236 3605 325 3687 prius
346 3605 557 3669 absolvamus.

383 3779 470 3847 ucr.
490 3780 633 3864 satago
652 3781 712 3865 op.
732 3783 752 3850 ι.
773 3783 843 3847 va
864 3788 888 3852 1.
908 3804 938 3867 ρ.
960 3754 1096 3865 eamq.

187 3777 403 3939 occu

191 3940 404 4021 ouer
