<?xml version="1.0" encoding="UTF-8"?>
<!DOCTYPE html PUBLIC "-//W3C//DTD XHTML 1.0 Transitional//EN"
    "http://www.w3.org/TR/xhtml1/DTD/xhtml1-transitional.dtd">
<html xmlns="http://www.w3.org/1999/xhtml" xml:lang="en" lang="en">
 <head>
  <title>
</title>
<meta http-equiv="Content-Type" content="text/html;charset=utf-8" />
  <meta name='ocr-system' content='tesseract 3.04.00' />
  <meta name='ocr-capabilities' content='ocr_page ocr_carea ocr_par ocr_line ocrx_word'/>
</head>
<body>
  <div class='ocr_page' id='page_1' title='image "./disquisitiodela00claugoog_0079.png"; bbox 0 0 2692 4666; ppageno 0'>
   <div class='ocr_carea' id='block_1_1' title="bbox 139 496 1199 1223">
    <p class='ocr_par' dir='ltr' id='par_1_1' title="bbox 139 496 1199 1223">
     <span class='ocr_line' id='line_1_1' title="bbox 139 496 1197 581; baseline 0 -21"><span class='ocrx_word' id='word_1_1' title='bbox 139 497 392 576; x_wconf 77' lang='lat' dir='ltr'><strong>praetor-libros</strong></span> <span class='ocrx_word' id='word_1_2' title='bbox 413 497 453 563; x_wconf 82' lang='lat' dir='ltr'><strong>do</strong></span> <span class='ocrx_word' id='word_1_3' title='bbox 474 500 652 579; x_wconf 84' lang='lat' dir='ltr'><strong>vorborum,</strong></span> <span class='ocrx_word' id='word_1_4' title='bbox 674 517 754 581; x_wconf 87' lang='lat' dir='ltr'><strong>qnae</strong></span> <span class='ocrx_word' id='word_1_5' title='bbox 775 496 886 577; x_wconf 87' lang='lat' dir='ltr'><strong>adjus</strong></span> <span class='ocrx_word' id='word_1_6' title='bbox 908 497 1007 560; x_wconf 83' lang='lat' dir='ltr'><strong>civile</strong></span> <span class='ocrx_word' id='word_1_7' title='bbox 1027 496 1197 579; x_wconf 72' lang='lat' dir='ltr'><strong>pertinent,</strong></span> 
     </span>
     <span class='ocr_line' id='line_1_2' title="bbox 139 604 1196 686; baseline -0.001 -20"><span class='ocrx_word' id='word_1_8' title='bbox 139 605 383 685; x_wconf 71' lang='lat' dir='ltr'><strong>significatione,</strong></span> <span class='ocrx_word' id='word_1_9' title='bbox 408 609 507 673; x_wconf 88' lang='lat' dir='ltr'><strong>nulla·</strong></span> <span class='ocrx_word' id='word_1_10' title='bbox 526 613 748 671; x_wconf 80' lang='lat' dir='ltr'><strong>memorantur.</strong></span> <span class='ocrx_word' id='word_1_11' title='bbox 791 609 896 682; x_wconf 75' lang='lat' dir='ltr'><strong>Quare</strong></span> <span class='ocrx_word' id='word_1_12' title='bbox 930 604 1100 686; x_wconf 79' lang='lat' dir='ltr'>probabile</span> <span class='ocrx_word' id='word_1_13' title='bbox 1141 609 1196 684; x_wconf 79' lang='lat' dir='ltr'><strong>est,</strong></span> 
     </span>
     <span class='ocr_line' id='line_1_3' title="bbox 140 710 1198 805; baseline 0 -32"><span class='ocrx_word' id='word_1_14' title='bbox 140 713 360 805; x_wconf 73' lang='lat' dir='ltr'><strong>etymologias,</strong></span> <span class='ocrx_word' id='word_1_15' title='bbox 381 732 462 796; x_wconf 84' lang='lat' dir='ltr'><strong>quae</strong></span> <span class='ocrx_word' id='word_1_16' title='bbox 484 715 567 796; x_wconf 89' lang='lat' dir='ltr'><strong>apud</strong></span> <span class='ocrx_word' id='word_1_17' title='bbox 588 717 717 778; x_wconf 73' lang='lat' dir='ltr'><strong>Festum</strong></span> <span class='ocrx_word' id='word_1_18' title='bbox 737 714 861 778; x_wconf 88' lang='lat' dir='ltr'><strong>aliosve</strong></span> <span class='ocrx_word' id='word_1_19' title='bbox 888 712 1094 793; x_wconf 87' lang='lat' dir='ltr'><strong>reperiuntur</strong></span> <span class='ocrx_word' id='word_1_20' title='bbox 1115 710 1198 773; x_wconf 80' lang='lat' dir='ltr'><strong>Aelii</strong></span> 
     </span>
     <span class='ocr_line' id='line_1_4' title="bbox 139 818 1199 904; baseline 0.002 -26"><span class='ocrx_word' id='word_1_21' title='bbox 139 818 264 880; x_wconf 88' lang='lat' dir='ltr'><strong>nomine</strong></span> <span class='ocrx_word' id='word_1_22' title='bbox 285 819 444 899; x_wconf 80' lang='lat' dir='ltr'>laudatae,</span> <span class='ocrx_word' id='word_1_23' title='bbox 464 841 565 904; x_wconf 87' lang='lat' dir='ltr'><strong>neque</strong></span> <span class='ocrx_word' id='word_1_24' title='bbox 588 823 628 885; x_wconf 85' lang='lat' dir='ltr'><strong>ad</strong></span> <span class='ocrx_word' id='word_1_25' title='bbox 651 821 704 902; x_wconf 90' lang='lat' dir='ltr'><strong>jus</strong></span> <span class='ocrx_word' id='word_1_26' title='bbox 726 822 824 884; x_wconf 88' lang='lat' dir='ltr'><strong>civile</strong></span> <span class='ocrx_word' id='word_1_27' title='bbox 851 821 1059 902; x_wconf 84' lang='lat' dir='ltr'><strong>pertinentes,</strong></span> <span class='ocrx_word' id='word_1_28' title='bbox 1081 818 1199 883; x_wconf 90' lang='lat' dir='ltr'><strong>Stiloni</strong></span> 
     </span>
     <span class='ocr_line' id='line_1_5' title="bbox 142 925 1199 1012; baseline 0.001 -26"><span class='ocrx_word' id='word_1_29' title='bbox 142 943 212 987; x_wconf 82' lang='lat' dir='ltr'><strong>esse</strong></span> <span class='ocrx_word' id='word_1_30' title='bbox 235 925 458 991; x_wconf 85' lang='lat' dir='ltr'><strong>vindicandas:</strong></span> <span class='ocrx_word' id='word_1_31' title='bbox 481 946 664 1012; x_wconf 76' lang='lat' dir='ltr'><strong>quamquam</strong></span> <span class='ocrx_word' id='word_1_32' title='bbox 682 949 746 992; x_wconf 92' lang='lat' dir='ltr'><strong>non</strong></span> <span class='ocrx_word' id='word_1_33' title='bbox 767 946 891 1009; x_wconf 80' lang='lat' dir='ltr'><strong>semper</strong></span> <span class='ocrx_word' id='word_1_34' title='bbox 911 927 1065 990; x_wconf 84' lang='lat' dir='ltr'><strong>affirmari</strong></span> <span class='ocrx_word' id='word_1_35' title='bbox 1086 931 1199 1007; x_wconf 73' lang='lat' dir='ltr'><strong>potcst,</strong></span> 
     </span>
     <span class='ocr_line' id='line_1_6' title="bbox 140 1030 1199 1118; baseline 0.001 -25"><span class='ocrx_word' id='word_1_36' title='bbox 140 1031 181 1094; x_wconf 90' lang='lat' dir='ltr'><strong>ad</strong></span> <span class='ocrx_word' id='word_1_37' title='bbox 197 1030 251 1112; x_wconf 87' lang='lat' dir='ltr'><strong>jus</strong></span> <span class='ocrx_word' id='word_1_38' title='bbox 266 1033 364 1098; x_wconf 84' lang='lat' dir='ltr'><strong>civile</strong></span> <span class='ocrx_word' id='word_1_39' title='bbox 384 1053 439 1097; x_wconf 88' lang='lat' dir='ltr'><strong>eas</strong></span> <span class='ocrx_word' id='word_1_40' title='bbox 453 1037 711 1116; x_wconf 84' lang='lat' dir='ltr'><strong>nonpertiuere.</strong></span> <span class='ocrx_word' id='word_1_41' title='bbox 732 1039 852 1118; x_wconf 86' lang='lat' dir='ltr'><strong>ltaque,</strong></span> <span class='ocrx_word' id='word_1_42' title='bbox 865 1035 919 1097; x_wconf 94' lang='lat' dir='ltr'><strong>ubi</strong></span> <span class='ocrx_word' id='word_1_43' title='bbox 940 1032 1132 1098; x_wconf 75' lang='lat' dir='ltr'><strong>dubitationi</strong></span> <span class='ocrx_word' id='word_1_44' title='bbox 1153 1033 1199 1095; x_wconf 91' lang='lat' dir='ltr'><strong>lo-</strong></span> 
     </span>
     <span class='ocr_line' id='line_1_7' title="bbox 141 1139 1159 1223; baseline 0.001 -24"><span class='ocrx_word' id='word_1_45' title='bbox 141 1157 196 1201; x_wconf 91' lang='lat' dir='ltr'><strong>ous</strong></span> <span class='ocrx_word' id='word_1_46' title='bbox 218 1139 289 1220; x_wconf 82' lang='lat' dir='ltr'><strong>erit,</strong></span> <span class='ocrx_word' id='word_1_47' title='bbox 312 1141 519 1218; x_wconf 80' lang='lat' dir='ltr'><strong>monebimus3</strong></span> <span class='ocrx_word' id='word_1_48' title='bbox 537 1139 602 1221; x_wconf 76' lang='lat' dir='ltr'><strong>Janr</strong></span> <span class='ocrx_word' id='word_1_49' title='bbox 623 1142 695 1222; x_wconf 88' lang='lat' dir='ltr'><strong>ipsa</strong></span> <span class='ocrx_word' id='word_1_50' title='bbox 713 1143 894 1223; x_wconf 80' lang='lat' dir='ltr'><strong>fragmenta</strong></span> <span class='ocrx_word' id='word_1_51' title='bbox 915 1156 1159 1220; x_wconf 59' lang='lat' dir='ltr'><strong>componamus.</strong></span> 
     </span>
    </p>
   </div>
   <div class='ocr_carea' id='block_1_2' title="bbox 335 1413 999 1734">
    <p class='ocr_par' dir='ltr' id='par_1_2' title="bbox 335 1413 999 1734">
     <span class='ocr_line' id='line_1_8' title="bbox 663 1413 688 1472; baseline 0 0"><span class='ocrx_word' id='word_1_52' title='bbox 663 1413 688 1472; x_wconf 91' lang='lat'><strong>1.</strong></span> 
     </span>
     <span class='ocr_line' id='line_1_9' title="bbox 335 1533 999 1622; baseline -0.003 -20"><span class='ocrx_word' id='word_1_53' title='bbox 335 1535 521 1611; x_wconf 50' lang='lat' dir='ltr'><strong>&amp;tartum</strong></span> <span class='ocrx_word' id='word_1_54' title='bbox 543 1533 740 1615; x_wconf 72' lang='lat' dir='ltr'><strong>Caucinum·</strong></span> <span class='ocrx_word' id='word_1_55' title='bbox 752 1533 999 1622; x_wconf 75' lang='lat' dir='ltr'><strong>Interpretatio.</strong></span> 
     </span>
     <span class='ocr_line' id='line_1_10' title="bbox 489 1670 851 1734; baseline -0.008 -1"><span class='ocrx_word' id='word_1_56' title='bbox 489 1671 594 1734; x_wconf 80' lang='lat' dir='ltr'><strong>Varro</strong></span> <span class='ocrx_word' id='word_1_57' title='bbox 615 1671 653 1733; x_wconf 74' lang='lat' dir='ltr'><strong>lr.</strong></span> <span class='ocrx_word' id='word_1_58' title='bbox 671 1670 711 1734; x_wconf 54' lang='lat'><strong>¹1..</strong></span> <span class='ocrx_word' id='word_1_59' title='bbox 731 1670 801 1734; x_wconf 83' lang='lat' dir='ltr'><strong>vll.</strong></span> <span class='ocrx_word' id='word_1_60' title='bbox 822 1674 851 1731; x_wconf 81' lang='lat'><strong>2.</strong></span> 
     </span>
    </p>
   </div>
   <div class='ocr_carea' id='block_1_3' title="bbox 141 1802 1203 2634">
    <p class='ocr_par' dir='ltr' id='par_1_3' title="bbox 141 1802 1203 2634">
     <span class='ocr_line' id='line_1_11' title="bbox 144 1802 597 1873; baseline 0.002 -3"><span class='ocrx_word' id='word_1_61' title='bbox 144 1811 170 1870; x_wconf 94' lang='lat' dir='ltr'><strong>l.</strong></span> <span class='ocrx_word' id='word_1_62' title='bbox 192 1802 372 1871; x_wconf 73' lang='lat' dir='ltr'><em>FESTUS</em></span> <span class='ocrx_word' id='word_1_63' title='bbox 391 1826 420 1871; x_wconf 87' lang='lat' dir='ltr'><strong>o.</strong></span> <span class='ocrx_word' id='word_1_64' title='bbox 442 1803 597 1873; x_wconf 82' lang='lat' dir='ltr'><strong>Manuos.</strong></span> 
     </span>
     <span class='ocr_line' id='line_1_12' title="bbox 202 1910 1202 1999; baseline 0.002 -21"><span class='ocrx_word' id='word_1_65' title='bbox 202 1910 395 1979; x_wconf 81' lang='lat' dir='ltr'><strong><em>MANUOS</em></strong></span> <span class='ocrx_word' id='word_1_66' title='bbox 415 1919 450 1978; x_wconf 88' lang='lat' dir='ltr'><strong>in</strong></span> <span class='ocrx_word' id='word_1_67' title='bbox 472 1914 671 1981; x_wconf 75' lang='lat' dir='ltr'><strong>carminibus</strong></span> <span class='ocrx_word' id='word_1_68' title='bbox 691 1913 882 1981; x_wconf 79' lang='lat' dir='ltr'><strong>Saliaribus</strong></span> <span class='ocrx_word' id='word_1_69' title='bbox 893 1912 1011 1981; x_wconf 76' lang='lat' dir='ltr'><strong>Aelius</strong></span> <span class='ocrx_word' id='word_1_70' title='bbox 1026 1912 1116 1980; x_wconf 83' lang='lat' dir='ltr'><strong>Stilo</strong></span> <span class='ocrx_word' id='word_1_71' title='bbox 1136 1917 1202 1999; x_wconf 78' lang='lat' dir='ltr'><strong>sip-</strong></span> 
     </span>
     <span class='ocr_line' id='line_1_13' title="bbox 141 2017 620 2105; baseline 0.002 -18"><span class='ocrx_word' id='word_1_72' title='bbox 141 2017 283 2105; x_wconf 84' lang='lat' dir='ltr'><strong>nificare</strong></span> <span class='ocrx_word' id='word_1_73' title='bbox 305 2026 354 2086; x_wconf 88' lang='lat' dir='ltr'><strong>ait</strong></span> <span class='ocrx_word' id='word_1_74' title='bbox 374 2021 486 2088; x_wconf 83' lang='lat' dir='ltr'><strong>bonos.</strong></span> <span class='ocrx_word' id='word_1_75' title='bbox 617 2050 620 2055; x_wconf 85' lang='grc'><em>·</em></span> 
     </span>
     <span class='ocr_line' id='line_1_14' title="bbox 220 2113 1203 2211; baseline -0.003 -20"><span class='ocrx_word' id='word_1_76' title='bbox 220 2129 375 2192; x_wconf 84' lang='lat' dir='ltr'><strong>Ducarius</strong></span> <span class='ocrx_word' id='word_1_77' title='bbox 393 2113 573 2211; x_wconf 78' lang='lat' dir='ltr'><strong>¹legendum</strong></span> <span class='ocrx_word' id='word_1_78' title='bbox 609 2128 746 2210; x_wconf 89' lang='lat' dir='ltr'><strong>conjecit</strong></span> <span class='ocrx_word' id='word_1_79' title='bbox 779 2143 894 2192; x_wconf 82' lang='lat' dir='ltr'><strong>manes</strong></span> <span class='ocrx_word' id='word_1_80' title='bbox 924 2128 982 2189; x_wconf 88' lang='lat' dir='ltr'><strong>vel</strong></span> <span class='ocrx_word' id='word_1_81' title='bbox 1013 2142 1142 2204; x_wconf 82' lang='lat' dir='ltr'><strong>manos,</strong></span> <span class='ocrx_word' id='word_1_82' title='bbox 1170 2130 1203 2190; x_wconf 89' lang='lat' dir='ltr'><strong>et</strong></span> 
     </span>
     <span class='ocr_line' id='line_1_15' title="bbox 222 2224 1202 2318; baseline -0.001 -19"><span class='ocrx_word' id='word_1_83' title='bbox 222 2235 368 2299; x_wconf 88' lang='lat' dir='ltr'><strong>alludere</strong></span> <span class='ocrx_word' id='word_1_84' title='bbox 400 2238 530 2299; x_wconf 74' lang='lat' dir='ltr'><strong>Festina</strong></span> <span class='ocrx_word' id='word_1_85' title='bbox 562 2237 696 2318; x_wconf 87' lang='lat' dir='ltr'><strong>putavit,</strong></span> <span class='ocrx_word' id='word_1_86' title='bbox 724 2224 807 2318; x_wconf 84' lang='lat' dir='ltr'><strong>quod</strong></span> <span class='ocrx_word' id='word_1_87' title='bbox 838 2234 874 2299; x_wconf 89' lang='lat' dir='ltr'><strong>in</strong></span> <span class='ocrx_word' id='word_1_88' title='bbox 906 2234 1056 2297; x_wconf 84' lang='lat' dir='ltr'><strong>carmine</strong></span> <span class='ocrx_word' id='word_1_89' title='bbox 1078 2233 1202 2299; x_wconf 85' lang='lat' dir='ltr'><strong>Saliari</strong></span> 
     </span>
     <span class='ocr_line' id='line_1_16' title="bbox 221 2339 1201 2408; baseline -0.002 -4"><span class='ocrx_word' id='word_1_90' title='bbox 221 2347 289 2405; x_wconf 87' lang='lat' dir='ltr'><strong>est:</strong></span> <span class='ocrx_word' id='word_1_91' title='bbox 317 2339 425 2406; x_wconf 77' lang='lat' dir='ltr'><strong>Gerus</strong></span> <span class='ocrx_word' id='word_1_92' title='bbox 444 2360 562 2407; x_wconf 82' lang='lat' dir='ltr'><strong>manus</strong></span> <span class='ocrx_word' id='word_1_93' title='bbox 581 2344 611 2407; x_wconf 86' lang='lat' dir='ltr'><strong>i.&#39;</strong></span> <span class='ocrx_word' id='word_1_94' title='bbox 626 2364 654 2406; x_wconf 92' lang='lat' dir='ltr'><strong>e.</strong></span> <span class='ocrx_word' id='word_1_95' title='bbox 677 2343 812 2408; x_wconf 82' lang='lat' dir='ltr'><strong>Creator</strong></span> <span class='ocrx_word' id='word_1_96' title='bbox 841 2342 951 2404; x_wconf 90' lang='lat' dir='ltr'><strong>bonus.</strong></span> <span class='ocrx_word' id='word_1_97' title='bbox 992 2340 1201 2404; x_wconf 84' lang='lat' dir='ltr'><strong>Animadver-</strong></span> 
     </span>
     <span class='ocr_line' id='line_1_17' title="bbox 220 2444 1200 2529; baseline 0 -21"><span class='ocrx_word' id='word_1_98' title='bbox 220 2447 613 2527; x_wconf 80' lang='lat' dir='ltr'><strong>tendum·auten1‚rtelium</strong></span> <span class='ocrx_word' id='word_1_99' title='bbox 634 2445 1034 2529; x_wconf 84' lang='lat' dir='ltr'><strong>hancinterpretationem</strong></span> <span class='ocrx_word' id='word_1_100' title='bbox 1056 2466 1073 2508; x_wconf 91' lang='lat' dir='ltr'><strong>e</strong></span> <span class='ocrx_word' id='word_1_101' title='bbox 1093 2444 1200 2528; x_wconf 84' lang='lat' dir='ltr'><strong>patrio</strong></span> 
     </span>
     <span class='ocr_line' id='line_1_18' title="bbox 147 2539 1202 2634; baseline 0.002 -22"><span class='ocrx_word' id='word_1_102' title='bbox 147 2588 150 2595; x_wconf 68' lang='lat'>,</span> <span class='ocrx_word' id='word_1_103' title='bbox 222 2567 367 2612; x_wconf 82' lang='lat' dir='ltr'><strong>sermone</strong></span> <span class='ocrx_word' id='word_1_104' title='bbox 395 2550 500 2612; x_wconf 85' lang='lat' dir='ltr'><strong>videri</strong></span> <span class='ocrx_word' id='word_1_105' title='bbox 527 2550 682 2613; x_wconf 81' lang='lat' dir='ltr'><strong>hausisse.</strong></span> <span class='ocrx_word' id='word_1_106' title='bbox 723 2554 803 2616; x_wconf 88' lang='lat' dir='ltr'><strong>Nam</strong></span> <span class='ocrx_word' id='word_1_107' title='bbox 829 2551 990 2616; x_wconf 80' lang='lat' dir='ltr'><strong>Lanuvini</strong></span> <span class='ocrx_word' id='word_1_108' title='bbox 1019 2568 1115 2614; x_wconf 85' lang='lat' dir='ltr'><strong>mane</strong></span> <span class='ocrx_word' id='word_1_109' title='bbox 1140 2539 1202 2634; x_wconf 82' lang='lat' dir='ltr'><strong>pro</strong></span> 
     </span>
    </p>
   </div>
   <div class='ocr_carea' id='block_1_4' title="bbox 221 2652 1198 2723">
    <p class='ocr_par' dir='ltr' id='par_1_4' title="bbox 221 2652 1198 2723">
     <span class='ocr_line' id='line_1_19' title="bbox 221 2652 1198 2723; baseline 0.003 -6"><span class='ocrx_word' id='word_1_110' title='bbox 221 2652 305 2717; x_wconf 86' lang='lat' dir='ltr'><strong>bono</strong></span> <span class='ocrx_word' id='word_1_111' title='bbox 327 2655 483 2719; x_wconf 86' lang='lat' dir='ltr'><strong>dicebant.</strong></span> <span class='ocrx_word' id='word_1_112' title='bbox 505 2658 647 2722; x_wconf 85' lang='lat' dir='ltr'><strong>Macrob.</strong></span> <span class='ocrx_word' id='word_1_113' title='bbox 669 2658 736 2723; x_wconf 88' lang='lat' dir='ltr'><strong>Sat</strong></span> <span class='ocrx_word' id='word_1_114' title='bbox 758 2663 782 2722; x_wconf 91' lang='lat'><strong>1.</strong></span> <span class='ocrx_word' id='word_1_115' title='bbox 803 2665 835 2722; x_wconf 79' lang='grc'><strong>3.</strong></span> <span class='ocrx_word' id='word_1_116' title='bbox 877 2659 939 2722; x_wconf 82' lang='lat' dir='ltr'><strong>cfr.</strong></span> <span class='ocrx_word' id='word_1_117' title='bbox 969 2662 1074 2723; x_wconf 89' lang='lat' dir='ltr'><strong>Varro</strong></span> <span class='ocrx_word' id='word_1_118' title='bbox 1101 2659 1138 2721; x_wconf 78' lang='lat'><strong>1..</strong></span> <span class='ocrx_word' id='word_1_119' title='bbox 1160 2659 1198 2721; x_wconf 73' lang='lat' dir='ltr'><strong>ir.</strong></span> 
     </span>
    </p>
   </div>
   <div class='ocr_carea' id='block_1_5' title="bbox 27 2761 1198 2933">
    <p class='ocr_par' dir='ltr' id='par_1_5' title="bbox 27 2761 1198 2933">
     <span class='ocr_line' id='line_1_20' title="bbox 27 2761 1198 2859; baseline 0.003 -36"><span class='ocrx_word' id='word_1_120' title='bbox 27 2776 29 2784; x_wconf 89' lang='lat'>·</span> <span class='ocrx_word' id='word_1_121' title='bbox 144 2846 147 2851; x_wconf 14' lang='grc' dir='ltr'>ἱ</span> <span class='ocrx_word' id='word_1_122' title='bbox 220 2761 274 2824; x_wconf 84' lang='lat' dir='ltr'><strong>Vl.</strong></span> <span class='ocrx_word' id='word_1_123' title='bbox 295 2764 424 2827; x_wconf 68' lang='lat' dir='ltr'><strong>adon.</strong></span> <span class='ocrx_word' id='word_1_124' title='bbox 446 2782 477 2846; x_wconf 79' lang='lat' dir='ltr'><strong>v.</strong></span> <span class='ocrx_word' id='word_1_125' title='bbox 497 2765 635 2859; x_wconf 80' lang='lat' dir='ltr'><strong>bianum.</strong></span> <span class='ocrx_word' id='word_1_126' title='bbox 664 2765 738 2829; x_wconf 86' lang='lat' dir='ltr'><strong>lsid·</strong></span> <span class='ocrx_word' id='word_1_127' title='bbox 767 2766 913 2848; x_wconf 82' lang='lat' dir='ltr'><strong>orig.·v.</strong></span> <span class='ocrx_word' id='word_1_128' title='bbox 934 2771 985 2831; x_wconf 80' lang='lat' dir='ltr'><strong>ab.</strong></span> <span class='ocrx_word' id='word_1_129' title='bbox 1028 2767 1198 2851; x_wconf 25' lang='lat' dir='ltr'><strong>Festus-v.</strong></span> 
     </span>
     <span class='ocr_line' id='line_1_21' title="bbox 219 2884 1177 2933; baseline 0.005 -1"><span class='ocrx_word' id='word_1_130' title='bbox 219 2888 358 2933; x_wconf 86' lang='lat' dir='ltr'><strong>manare.</strong></span> <span class='ocrx_word' id='word_1_131' title='bbox 1172 2884 1177 2894; x_wconf 83' lang='lat'>&#39;</span> 
     </span>
    </p>
   </div>
   <div class='ocr_carea' id='block_1_6' title="bbox 139 2994 635 3066">
    <p class='ocr_par' dir='ltr' id='par_1_6' title="bbox 139 2994 635 3066">
     <span class='ocr_line' id='line_1_22' title="bbox 139 2994 635 3066; baseline 0.006 -5"><span class='ocrx_word' id='word_1_132' title='bbox 139 3002 168 3060; x_wconf 82' lang='lat'><strong>2.</strong></span> <span class='ocrx_word' id='word_1_133' title='bbox 189 2994 368 3063; x_wconf 74' lang='lat' dir='ltr'><strong><em>FESTUS</em></strong></span> <span class='ocrx_word' id='word_1_134' title='bbox 388 3019 416 3063; x_wconf 87' lang='lat' dir='ltr'><strong>r.</strong></span> <span class='ocrx_word' id='word_1_135' title='bbox 437 2996 635 3066; x_wconf 80' lang='lat' dir='ltr'><strong>Molucrum.</strong></span> 
     </span>
    </p>
   </div>
   <div class='ocr_carea' id='block_1_7' title="bbox 138 3101 1199 3315">
    <p class='ocr_par' dir='ltr' id='par_1_7' title="bbox 138 3101 1199 3315">
     <span class='ocr_line' id='line_1_23' title="bbox 199 3101 1199 3192; baseline 0.007 -23"><span class='ocrx_word' id='word_1_136' title='bbox 199 3101 458 3172; x_wconf 78' lang='lat' dir='ltr'><strong><em>MOLUGRUM</em></strong></span> <span class='ocrx_word' id='word_1_137' title='bbox 476 3104 595 3174; x_wconf 79' lang='lat' dir='ltr'><strong>Actius</strong></span> <span class='ocrx_word' id='word_1_138' title='bbox 614 3113 650 3172; x_wconf 84' lang='lat' dir='ltr'><strong>in</strong></span> <span class='ocrx_word' id='word_1_139' title='bbox 671 3107 905 3192; x_wconf 71' lang='lat' dir='ltr'><strong>explanatione</strong></span> <span class='ocrx_word' id='word_1_140' title='bbox 932 3113 1113 3175; x_wconf 79' lang='lat' dir='ltr'><strong>carminum</strong></span> <span class='ocrx_word' id='word_1_141' title='bbox 1133 3109 1199 3176; x_wconf 81' lang='lat' dir='ltr'><strong>Sa-</strong></span> 
     </span>
     <span class='ocr_line' id='line_1_24' title="bbox 138 3205 1074 3315; baseline 0.006 -45"><span class='ocrx_word' id='word_1_142' title='bbox 138 3205 271 3315; x_wconf 75' lang='lat' dir='ltr'><strong>liar-ium</strong></span> <span class='ocrx_word' id='word_1_143' title='bbox 291 3208 458 3293; x_wconf 79' lang='lat' dir='ltr'><strong>appellari</strong></span> <span class='ocrx_word' id='word_1_144' title='bbox 480 3217 538 3293; x_wconf 84' lang='lat' dir='ltr'><strong>ait,</strong></span> <span class='ocrx_word' id='word_1_145' title='bbox 561 3212 647 3297; x_wconf 79' lang='lat' dir='ltr'><strong>quod</strong></span> <span class='ocrx_word' id='word_1_146' title='bbox 666 3211 728 3278; x_wconf 85' lang='lat' dir='ltr'><strong>sub</strong></span> <span class='ocrx_word' id='word_1_147' title='bbox 749 3212 839 3313; x_wconf 54' lang='lat' dir='ltr'><strong>mota⁴</strong></span> <span class='ocrx_word' id='word_1_148' title='bbox 857 3221 1074 3298; x_wconf 80' lang='lat' dir='ltr'><strong>supponatur.</strong></span> 
     </span>
    </p>
   </div>
   <div class='ocr_carea' id='block_1_8' title="bbox 135 3340 355 3357">
    <p class='ocr_par' dir='ltr' id='par_1_8' title="bbox 135 3340 355 3357">
     <span class='ocr_line' id='line_1_25' title="bbox 135 3340 355 3357; baseline 0 -3"><span class='ocrx_word' id='word_1_149' title='bbox 135 3340 355 3357; x_wconf 70' lang='lat' dir='ltr'><strong>n——-.</strong></span> 
     </span>
    </p>
   </div>
   <div class='ocr_carea' id='block_1_9' title="bbox 218 3413 1198 3995">
    <p class='ocr_par' dir='ltr' id='par_1_9' title="bbox 218 3413 1198 3995">
     <span class='ocr_line' id='line_1_26' title="bbox 218 3413 1198 3498; baseline 0.002 -24"><span class='ocrx_word' id='word_1_150' title='bbox 218 3420 289 3476; x_wconf 86' lang='lat' dir='ltr'><strong>mat.</strong></span> <span class='ocrx_word' id='word_1_151' title='bbox 310 3437 340 3495; x_wconf 89' lang='lat' dir='ltr'><strong>p.</strong></span> <span class='ocrx_word' id='word_1_152' title='bbox 362 3414 391 3476; x_wconf 81' lang='lat'><strong>2.</strong></span> <span class='ocrx_word' id='word_1_153' title='bbox 412 3413 473 3476; x_wconf 86' lang='lat' dir='ltr'><strong>Sed</strong></span> <span class='ocrx_word' id='word_1_154' title='bbox 496 3415 679 3496; x_wconf 85' lang='lat' dir='ltr'><strong>praeclarius</strong></span> <span class='ocrx_word' id='word_1_155' title='bbox 701 3417 826 3497; x_wconf 81' lang='lat' dir='ltr'><strong>egisset,</strong></span> <span class='ocrx_word' id='word_1_156' title='bbox 847 3416 874 3476; x_wconf 89' lang='lat' dir='ltr'><strong>si</strong></span> <span class='ocrx_word' id='word_1_157' title='bbox 898 3437 934 3477; x_wconf 88' lang='lat' dir='ltr'><strong>ex</strong></span> <span class='ocrx_word' id='word_1_158' title='bbox 961 3417 1037 3497; x_wconf 85' lang='lat' dir='ltr'><strong>ipsis</strong></span> <span class='ocrx_word' id='word_1_159' title='bbox 1064 3416 1198 3498; x_wconf 84' lang='lat' dir='ltr'><strong>reliquiis</strong></span> 
     </span>
     <span class='ocr_line' id='line_1_27' title="bbox 218 3495 1198 3563; baseline 0.001 -6"><span class='ocrx_word' id='word_1_160' title='bbox 218 3496 300 3563; x_wconf 82' lang='lat' dir='ltr'><strong>Aelii</strong></span> <span class='ocrx_word' id='word_1_161' title='bbox 323 3495 402 3557; x_wconf 87' lang='lat' dir='ltr'><strong>Galli</strong></span> <span class='ocrx_word' id='word_1_162' title='bbox 425 3503 555 3559; x_wconf 87' lang='lat' dir='ltr'><strong>aetatem</strong></span> <span class='ocrx_word' id='word_1_163' title='bbox 576 3497 695 3558; x_wconf 85' lang='lat' dir='ltr'><strong>definire</strong></span> <span class='ocrx_word' id='word_1_164' title='bbox 722 3497 898 3562; x_wconf 86' lang='lat' dir='ltr'><strong>studuisset.</strong></span> <span class='ocrx_word' id='word_1_165' title='bbox 942 3497 1091 3559; x_wconf 83' lang='lat' dir='ltr'><strong>Videntur</strong></span> <span class='ocrx_word' id='word_1_166' title='bbox 1118 3501 1198 3559; x_wconf 87' lang='lat' dir='ltr'><strong>enirn</strong></span> 
     </span>
     <span class='ocr_line' id='line_1_28' title="bbox 218 3580 1195 3662; baseline 0.001 -23"><span class='ocrx_word' id='word_1_167' title='bbox 218 3581 346 3661; x_wconf 84' lang='lat' dir='ltr'><strong>vestigia</strong></span> <span class='ocrx_word' id='word_1_168' title='bbox 367 3584 496 3650; x_wconf 84' lang='lat' dir='ltr'><strong>exstare,</strong></span> <span class='ocrx_word' id='word_1_169' title='bbox 517 3602 535 3641; x_wconf 89' lang='lat' dir='ltr'><strong>e</strong></span> <span class='ocrx_word' id='word_1_170' title='bbox 556 3581 663 3662; x_wconf 89' lang='lat' dir='ltr'><strong>quibus</strong></span> <span class='ocrx_word' id='word_1_171' title='bbox 685 3580 807 3651; x_wconf 86' lang='lat' dir='ltr'><strong>efficias,</strong></span> <span class='ocrx_word' id='word_1_172' title='bbox 829 3580 922 3642; x_wconf 82' lang='lat' dir='ltr'><strong>{iberti</strong></span> <span class='ocrx_word' id='word_1_173' title='bbox 944 3600 1012 3642; x_wconf 88' lang='lat' dir='ltr'><strong>eum</strong></span> <span class='ocrx_word' id='word_1_174' title='bbox 1040 3581 1195 3661; x_wconf 82' lang='lat' dir='ltr'><strong>republica</strong></span> 
     </span>
     <span class='ocr_line' id='line_1_29' title="bbox 218 3659 1195 3744; baseline 0.001 -22"><span class='ocrx_word' id='word_1_175' title='bbox 218 3659 363 3732; x_wconf 83' lang='lat' dir='ltr'><strong>floruisse,</strong></span> <span class='ocrx_word' id='word_1_176' title='bbox 393 3681 528 3741; x_wconf 78' lang='lat' dir='ltr'><strong>busque</strong></span> <span class='ocrx_word' id='word_1_177' title='bbox 557 3660 743 3725; x_wconf 82' lang='lat' dir='ltr'><strong>condidisse:</strong></span> <span class='ocrx_word' id='word_1_178' title='bbox 772 3685 801 3726; x_wconf 85' lang='lat' dir='ltr'><strong>v.</strong></span> <span class='ocrx_word' id='word_1_179' title='bbox 824 3684 847 3723; x_wconf 91' lang='lat' dir='ltr'><strong>c.</strong></span> <span class='ocrx_word' id='word_1_180' title='bbox 875 3663 1012 3744; x_wconf 63' lang='lat' dir='ltr'><strong>relegati,</strong></span> <span class='ocrx_word' id='word_1_181' title='bbox 1043 3664 1094 3744; x_wconf 90' lang='lat' dir='ltr'><strong>qui</strong></span> <span class='ocrx_word' id='word_1_182' title='bbox 1126 3665 1195 3732; x_wconf 85' lang='lat' dir='ltr'><strong>sint,</strong></span> 
     </span>
     <span class='ocr_line' id='line_1_30' title="bbox 220 3683 1195 3827; baseline -0.001 -21"><span class='ocrx_word' id='word_1_183' title='bbox 220 3745 381 3827; x_wconf 78' lang='lat' dir='ltr'><strong>explicans,</strong></span> <span class='ocrx_word' id='word_1_184' title='bbox 409 3683 577 3826; x_wconf 45' lang='lat' dir='ltr'><strong>definitione</strong></span> <span class='ocrx_word' id='word_1_185' title='bbox 599 3744 710 3804; x_wconf 85' lang='lat' dir='ltr'><strong>liberae</strong></span> <span class='ocrx_word' id='word_1_186' title='bbox 732 3745 912 3826; x_wconf 85' lang='lat' dir='ltr'><strong>reipublicae</strong></span> <span class='ocrx_word' id='word_1_187' title='bbox 940 3751 1076 3826; x_wconf 84' lang='lat' dir='ltr'><strong>tempora</strong></span> <span class='ocrx_word' id='word_1_188' title='bbox 1102 3745 1195 3824; x_wconf 87' lang='lat' dir='ltr'><strong>respi-</strong></span> 
     </span>
     <span class='ocr_line' id='line_1_31' title="bbox 220 3825 1197 3906; baseline 0.003 -20"><span class='ocrx_word' id='word_1_189' title='bbox 220 3828 270 3898; x_wconf 86' lang='lat' dir='ltr'><strong>cit,</strong></span> <span class='ocrx_word' id='word_1_190' title='bbox 291 3846 381 3906; x_wconf 89' lang='lat' dir='ltr'><strong>quum</strong></span> <span class='ocrx_word' id='word_1_191' title='bbox 402 3826 492 3887; x_wconf 86' lang='lat' dir='ltr'><strong>latius</strong></span> <span class='ocrx_word' id='word_1_192' title='bbox 514 3846 576 3888; x_wconf 88' lang='lat' dir='ltr'><strong>rem</strong></span> <span class='ocrx_word' id='word_1_193' title='bbox 597 3827 848 3906; x_wconf 84' lang='lat' dir='ltr'><strong>interpretaturus</strong></span> <span class='ocrx_word' id='word_1_194' title='bbox 871 3827 990 3900; x_wconf 79' lang='lat' dir='ltr'><strong>suisset,</strong></span> <span class='ocrx_word' id='word_1_195' title='bbox 1014 3828 1042 3890; x_wconf 88' lang='lat' dir='ltr'><strong>si</strong></span> <span class='ocrx_word' id='word_1_196' title='bbox 1057 3825 1197 3890; x_wconf 82' lang='lat' dir='ltr'><strong>Ovidium</strong></span> 
     </span>
     <span class='ocr_line' id='line_1_32' title="bbox 219 3899 890 3995; baseline 0.007 -25"><span class='ocrx_word' id='word_1_197' title='bbox 219 3909 375 3991; x_wconf 79' lang='lat' dir='ltr'><strong>aequatem</strong></span> <span class='ocrx_word' id='word_1_198' title='bbox 395 3907 562 3995; x_wconf 78' lang='lat' dir='ltr'><strong>habuisset.</strong></span> <span class='ocrx_word' id='word_1_199' title='bbox 582 3907 627 3984; x_wconf 80' lang='lat' dir='ltr'><strong>Cf.</strong></span> <span class='ocrx_word' id='word_1_200' title='bbox 648 3899 765 3975; x_wconf 86' lang='lat' dir='ltr'><strong>Hoimb.</strong></span> <span class='ocrx_word' id='word_1_201' title='bbox 788 3933 818 3994; x_wconf 89' lang='lat' dir='ltr'><strong>p.</strong></span> <span class='ocrx_word' id='word_1_202' title='bbox 840 3910 890 3975; x_wconf 73' lang='lat'><strong>21.</strong></span> 
     </span>
    </p>
   </div>
   <div class='ocr_carea' id='block_1_10' title="bbox 0 0 1353 4666">
    <p class='ocr_par' dir='ltr' id='par_1_10' title="bbox 0 0 1353 4666">
     <span class='ocr_line' id='line_1_33' title="bbox 0 0 1353 4666; baseline 0 0"><span class='ocrx_word' id='word_1_203' title='bbox 0 0 1353 4666; x_wconf 95' lang='lat' dir='ltr'><strong> </strong></span> 
     </span>
    </p>
   </div>
  </div>
 </body>
</html>
