2692 4666
517 361 761 435 ..11-

319 502 324 541 t

479 537 506 603 0
527 537 555 601 Α
575 540 601 603 Ρ
624 540 650 603 11
672 540 700 603 'l'
743 539 795 604 lb
850 588 855 603 .

445 681 600 748 Scbutzii
620 679 823 768 conjecturo.

165 825 287 903 Quodsi
307 827 489 891 recentiore
512 833 619 892 aetate
641 847 679 891 ac
699 828 820 891 nostris
847 828 1041 911 temporibus
1071 848 1167 911 quae-

94 934 213 1014 rimus,
234 947 316 1016 quae
336 936 479 998 valuerit
500 936 662 999 sententia
682 936 721 999 de
742 937 867 999 incerto
889 941 1019 999 anctore
1041 937 1082 1001 ad
1103 938 1167 1001 ile-

93 1041 256 1119 renuium,
291 1041 499 1123 improbatam
533 1042 677 1106 videmus
706 1048 849 1106 veterum
883 1042 1167 1107 Grammaticorum

95 1147 299 1229 aliorumque
321 1148 553 1227 auctoritatem,
575 1148 629 1231 qui
656 1148 725 1211 sine
749 1145 870 1227 jndicio
896 1149 1087 1212 tralatitinm
1115 1167 1167 1212 er-

96 1272 211 1318 rorem
230 1255 341 1335 secuti,
363 1251 549 1319 Ciceronem
570 1260 730 1320 auctorem
751 1260 932 1319 statuerumt
949 1253 984 1336 ¹).
1005 1255 1071 1320 Sed
1085 1255 1165 1320 haec
1227 1255 1233 1264 '

98 1361 227 1444 quidem
258 1363 427 1426 communis
450 1360 629 1442 jamdudum
665 1363 774 1426 fuerat
809 1362 932 1425 acutius
956 1360 1165 1442 judicantium

88 1469 274 1537 ⁴sententia.
322 1471 434 1533 Novae
463 1470 642 1533 sententiae
673 1474 785 1533 auctor
813 1469 941 1532 exstitit
970 1467 1163 1536 Scbutzius.

99 1576 166 1639 llic
185 1577 341 1640 recedens
363 1595 383 1641 a
404 1577 506 1641 variis
528 1578 690 1641 variormn
711 1575 903 1659 conjecturis
924 1584 1019 1659 atque
1041 1578 1163 1657 opinio-

95 1682 203 1763 nibus,
223 1684 268 1746 M.
289 1683 458 1747 Antonium
480 1683 687 1766 Gniphonem
707 1686 847 1749 nobilem
869 1681 1034 1749 Ciceronis
1056 1691 1162 1749 aetate

95 1788 271 1871 rhetorem,
298 1791 399 1873 ipsius
427 1791 593 1857 ciceronis
621 1792 748 1856 dicendi
776 1792 972 1873 magistrun,
1002 1798 1162 1857 auctorem

94 1897 257 1961 salutavit
277 1896 315 1977 ²).
357 1899 497 1963 Primum
526 1905 641 1979 autem,
662 1899 809 1981 quoniam
828 1899 966 1962 nondum
985 1899 1067 1963 satis
1087 1919 1163 1962 con-

94 2008 188 2066 stare
214 2002 393 2083 videbatur,
420 2003 658 2086 posteriorcsne
696 2004 775 2067 libri
792 1994 795 1999 ’
811 2004 850 2067 de
881 2005 1080 2083 Inventione,
1119 2022 1162 2067 an

95 2108 298 2192 antiquiores
329 2108 510 2173 Rhetoricis
541 2108 582 2173 ad
612 2108 807 2171 Herennium
842 2114 959 2188 essent,
986 2107 1069 2172 hanc
1098 2109 1161 2173 sibi

99 2216 321 2299 quaestionem
340 2217 540 2280 tractandam
565 2217 685 2296 sumsit,
713 2220 933 2298 accurateque,
960 2216 1063 2297 quoad
1093 2214 1161 2297 ejus

97 2320 174 2385 deri
193 2326 331 2403 poterat,
351 2327 490 2385 aetatem
510 2322 618 2404 operis
647 2321 846 2385 Herenniani
875 2321 1068 2384 constituere
1096 2327 1161 2385 stn-

97 2426 183 2490 duit:
220 2426 345 2507 deinde,
379 2427 477 2491 missa
513 2433 692 2491 ceterarum
731 2425 912 2508 opinionum
956 2427 1161 2504 refutatione,

96 2534 214 2617 quippe
236 2553 314 2615 quas
336 2539 370 2598 et
391 2534 450 2597 alii
469 2534 563 2597 multi
584 2539 618 2597 et
637 2533 867 2597 studiosissime
887 2534 1087 2597 Burmannus
1106 2554 1161 2617 op-

95 2645 283 2722 pugnasset,
304 2658 446 2704 errorem
467 2639 506 2702 de
528 2637 719 2717 Cornificiis,
747 2656 877 2719 qnorum
902 2639 1001 2720 probe
1023 2645 1161 2704 aetatem

96 2746 259 2826 distinxit,
280 2748 434 2810 refellere
457 2765 639 2828 aggressus,
660 2764 720 2808 nec
740 2752 865 2826 patrem
884 2766 945 2809 nec
965 2747 1065 2810 illinon
1086 2767 1159 2811 auc-

96 2856 201 2915 torem
221 2850 398 2915 babendnm
420 2870 500 2929 esse,
522 2870 539 2913 e
561 2856 744 2931 temporum,
760 2851 872 2933 quibus
886 2857 1019 2934 uterque
1041 2852 1159 2931 floruit,

94 2959 223 3022 ratione
245 2958 292 3020 ita
311 2958 524 3040 probabiliter
545 2956 785 3036 demonstravit,
805 2963 842 3019 nt
868 2958 1056 3020 dubitationi
1086 2959 1158 3020 nnl-

93 3065 161 3128 lum
196 3066 300 3127 locrua
328 3063 499 3146 reliquerit
524 3059 560 3143 ³).
603 3061 746 3125 Tandem
775 3080 863 3124 suam
898 3062 1089 3124 sententiam
1118 3062 1158 3125 de

94 3177 228 3236 auctore
256 3171 431 3253 proposuit,
459 3171 677 3251 diversasque,
712 3187 792 3250 qnae
822 3186 891 3230 eam
922 3169 1088 3232 firmarent
1123 3174 1157 3232 et

94 3278 346 3360 comprobarent,
378 3278 522 3340 rationes
558 3275 723 3339 indicavit.
765 3278 853 3351 Quae
889 3258 1014 3357 quidem
1047 3278 1158 3358 quanti

92 3387 161 3449 sint
180 3372 372 3468 habitaeque
393 3385 523 3464 fuerint,
544 3403 628 3446 nunc
644 3381 739 3463 juvat
761 3383 944 3464 explorare.

135 3545 159 3621 ¹)
180 3541 238 3602 eff.
258 3535 390 3601 wetzel.
411 3538 470 3620 op.
490 3538 511 3600 l.
531 3537 670 3622 Prolegg.
698 3537 782 3599 Bane
802 3537 861 3617 Op.
881 3535 900 3596 l.
922 3557 952 3617 p.
973 3536 1043 3600 370.
1069 3535 1160 3598 Hand

176 3626 206 3685 in
226 3622 334 3685 Erech.
355 3621 468 3700 Encyc.
489 3627 511 3682 t.
532 3619 631 3682 XVll.
652 3640 681 3701 p.
703 3621 772 3683 208.
793 3619 970 3699 Bernhardy
990 3619 1077 3680 Rom.
1097 3619 1157 3679 Lit.

198 3706 296 3767 ,295
318 3704 539 3765 Wostermann.
561 3702 617 3784 Op.
639 3702 658 3763 l.
679 3724 708 3784 p.
733 3703 800 3765 186.
823 3723 891 3783 sqq.

128 3792 154 3868 ²)
216 3789 313 3870 olegg.
334 3786 374 3847 ad
394 3786 455 3848 Cic
476 3785 581 3848 Rhett.
608 3785 693 3868 Lips
723 3786 811 3850 1804.
840 3791 872 3846 et
898 3785 976 3866 Opp.
1003 3783 1064 3845 Cic
1090 3781 1160 3844 Pio·

176 3890 252 3932 oem.
295 3914 302 3930 .
325 3870 373 3932 58.
396 3888 463 3948 sqq.

132 3954 156 4034 ³)
177 3952 253 4018 an
273 3891 294 4015 dd
315 3973 344 4034 p.
366 3953 416 4016 47.
437 3971 513 4036 sqq„
534 3953 583 4013 55.
604 3971 673 4035 sqq·
805 4020 807 4025 ,
