2692 4666
552 350 797 424 ..90-

151 527 265 592 toricls
287 526 326 588 cic
349 525 536 589 Inventione
559 527 725 592 vocabulis
745 527 818 590 istis
837 544 903 589 uon
923 543 999 588 usus
1026 525 1078 604 sit,
1103 530 1217 588 tannen

154 635 190 700 in
218 633 292 697 aliis
323 633 472 714 operibus
498 632 631 696 subinde
664 634 833 715 usurpavit
863 635 1065 696 consumas
1087 629 1126 711 ¹).1
1164 633 1215 696 Ite

151 741 245 804 Aelio
270 757 351 804 vero
372 739 581 803 certissimum
602 740 898 823 violetur,quoniam
919 739 952 802 id
968 741 1083 819 Varro,
1097 739 1152 820 qui
1171 740 1216 802 il-

116 861 119 868 ’
148 850 215 911 lum
233 849 392 910 doctorem
412 847 447 912 in
467 846 714 928 literishabuit,
733 853 880 910 testatur.
901 850 1011 928 ltaque
1032 847 1067 909 in
1087 847 1215 910 llereu-

148 955 245 1018 niuno
261 972 358 1036 opere
374 972 458 1017 noue
474 955 597 1036 quidem
617 955 717 1018 semel
737 959 920 1036 usurpatum
940 953 1082 1016 videmus
1095 950 1133 1032 ²),
1151 971 1212 1016 no-

151 1065 309 1126 uissimus
329 1081 409 1125 vero
431 1068 464 1127 et
483 1065 660 1126 novissime
682 1063 806 1124 frustra
827 1061 1006 1144 quaerimus
1021 1059 1057 1140 ³),
1079 1079 1212 1142 quorum

146 1171 217 1232 loco
245 1175 435 1246 autumnum,
463 1175 665 1250 postrenum
684 1165 726 1249 ⁴),
770 1164 902 1246 recens,
936 1166 1210 1250 cupariorum)

151 1271 338 1359 saepissime
359 1267 538 1340 occurrunt
1233 1278 1239 1294 ·

164 1406 167 1411 ’
209 1409 328 1470 Auctor
359 1408 399 1470 ad
428 1406 622 1472 Herennium
648 1424 713 1468 non
741 1407 842 1469 solum
878 1406 1046 1471 scribendo
1082 1405 1212 1469 (licendi

147 1519 250 1578 artem
281 1513 431 1594 excoluit,
461 1514 518 1576 sed
545 1513 580 1576 in
601 1494 822 1595 philosophiae
846 1514 951 1577 studio
980 1513 1106 1576 assidue
1135 1533 1210 1577 ver-

148 1623 290 1686 sabatur.
312 1622 367 1699 „ld
388 1618 507 1702 ipsum“
529 1621 576 1684 ait
596 1621 697 1702 „quod
720 1640 739 1684 a
758 1622 897 1702 negotiis
917 1621 1131 1684 familiaribus
1152 1621 1212 1684 otii

146 1728 248 1808 datur,
261 1729 413 1791 libentius
434 1729 468 1791 in
488 1728 693 1810 philosophia
714 1748 898 1792 consumere
921 1725 1210 1809 corrsuevimus“⁶).

151 1837 219 1898 lloc
242 1836 377 1898 studium
395 1837 540 1918 pluribus
561 1837 652 1917 locis,
672 1837 844 1919 praecipue
866 1837 1023 1899 electione
1047 1837 1209 1918 exemplo-

144 1957 215 2006 rum
244 1937 518 2023 animadve'rtitur,
547 1964 564 2006 e
593 1962 724 2026 quorum
752 1962 872 2025 genere
902 1949 935 2007 et
963 1943 1089 2005 ratione
1117 1949 1208 2006 recte

145 2050 367 2113 Ilnhrmannus
390 2051 503 2113 statuit
525 2048 561 2131 ⁷),
583 2051 712 2115 Stoicae
734 2052 889 2113 formulae
912 2050 1070 2113 addictum
1100 2055 1208 2114 aucto·-

144 2175 212 2221 rem
233 2160 342 2222 fuisse.
364 2159 450 2221 lolem
465 2159 632 2221 conclusio
654 2151 761 2241 operis
782 2159 917 2223 indicat:
939 2160 1036 2239 „Nam
1057 2164 1090 2220 et
1111 2159 1207 2222 simul

141 2265 282 2329 libenter
303 2283 491 2331 exercemur
510 2272 643 2349 propter
664 2267 842 2346 amicitiam,
871 2264 959 2346 cujus
987 2265 1111 2328 initium
1132 2284 1206 2347 cog-

140 2373 230 2436 natio
250 2373 337 2453 fecit,
360 2380 469 2437 cetera
489 2373 710 2456 philosophiae
724 2374 808 2436 ratio
824 2373 1037 2436 confirmavit:
1060 2378 1093 2435 et
1112 2373 1206 2438 nobis

145 2498 210 2542 non
232 2481 410 2559 diffidimus,
431 2486 605 2561 propterea
626 2480 709 2562 quod
731 2487 763 2542 et
792 2480 1022 2562 aliquantulum
1048 2479 1207 2564 processi-

138 2603 215 2662 mus,
238 2590 271 2647 et
293 2586 359 2647 alia
378 2586 514 2648 meliora
536 2593 617 2665 sunt,
646 2604 726 2667 quae
754 2588 853 2649 multo
878 2587 1033 2653 intentius
1065 2586 1202 2668 petimus

139 2690 175 2754 iu
196 2690 273 2768 vita,
295 2691 476 2755 utetiamsi
497 2711 561 2755 non
581 2689 823 2774 pervenerimus
844 2695 878 2758 in
900 2692 1041 2774 (licentio,
1064 2713 1125 2776 quo
1145 2712 1203 2757 vo-

139 2799 251 2878 lumus,
272 2816 376 2880 parva
396 2817 473 2880 pars
494 2800 581 2864 vitae
602 2802 855 2883 perfectissimae
878 2788 1116 2865 desideretur.“'
1135 2802 1200 2865 llu-

136 2903 190 2986 jus
212 2906 308 2968 studii
329 2906 501 2969 similitudo
523 2907 556 2970 iu
584 2909 676 2971 Aelio
703 2910 874 2973 manifesta
901 2915 960 2972 est.
1001 2910 1089 2972 llicit
1116 2911 1199 2974 enim

144 3014 183 3076 uc
205 3033 243 3076 eo
265 3013 387 3094 Cicero,
408 3014 549 3079 Stoicum
570 3035 642 3080 esse
663 3018 816 3096 voluisse,
844 3024 937 3100 atque
967 3037 1009 3080 ex
1031 3018 1202 3082 dialectica

140 3179 366 3193 ——

172 3296 181 3332 ¹
218 3294 309 3356 Vidd.
336 3297 406 3358 loca
426 3316 475 3378 ap.
496 3295 612 3358 Sobott.
633 3293 712 3356 Nod.
733 3293 828 3354 Cicer.
849 3291 899 3353 lll.
922 3291 1019 3372 lup.
1040 3291 1112 3353 365.

170 3379 183 3415 ²
221 3376 241 3436 Ι.
268 3377 297 3437 ll.
318 3377 389 3439 Vid.
411 3378 558 3440 Graevius
582 3397 630 3459 ap.
650 3377 751 3437 Burm.
773 3376 812 3436 atl
832 3376 861 3436 b.
883 3375 902 3434 l.

217 3457 342 3520 Fallitur
364 3481 437 3521 sane
463 3459 671 3530 Beciobcmus,
699 3457 778 3539 apud
808 3463 958 3519 auctorem
986 3456 1025 3517 ad
1050 3454 1123 3522 Her.
1151 3477 1200 3516 vo-

219 3562 283 3603 cem
304 3543 481 3603 nouissimus
502 3543 560 3603 sibi
581 3543 732 3604 invenisse
753 3543 846 3601 visus.
875 3539 945 3599 Vid.
966 3539 1105 3615 Burman.
1127 3537 1198 3600 Pto·

219 3645 295 3686 oem.
318 3645 348 3704 p.
371 3625 419 3686 27.

216 3707 236 3768 Ι.
258 3707 343 3779 9.,11.
368 3707 392 3766 1.
413 3706 441 3768 3.
464 3702 581 3768 22111.
605 3705 653 3767 lo.
676 3703 723 3766 12.
746 3704 798 3766 22.
819 3703 873 3765 lv.
899 3703 944 3768 13.
966 3703 1017 3767 27.
1040 3704 1090 3766 38.

219 3790 242 3855 Ι.
265 3789 294 3850 b.
316 3789 364 3852 lli.
391 3790 436 3851 lo.
458 3790 507 3850 22.
527 3787 586 3868 Ι111.
608 3788 657 3850 34.

171 3955 194 4030 ⁷)
217 3871 334 4019 balino.
355 3956 383 4017 d.
405 3956 498 4018 kluss.
519 3954 580 4016 All.
603 3952 637 4016 ll.
658 3974 687 4035 p.
710 3954 757 4016 90.
