2692 4666
551 335 798 403 ..21-

144 510 245 592 Ilurjm
267 515 374 575 autern
394 515 508 591 poetae
529 514 564 575 in
581 514 728 594 ¹linguam
747 514 880 576 latinam
899 513 1015 577 merita
1033 512 1205 576 laudantur

142 618 182 681 ab
203 615 338 681 Horatio
361 613 404 696 ι),;

208 759 211 765 ,
449 776 453 785 1
558 731 600 744 ·-
623 695 699 759 Cam
719 697 827 778 linquo
848 696 973 760 Οαίοιιίι
993 705 1025 759 cl
1043 698 1127 759 Εαιιὶ

220 791 398 854 Sermonem
414 790 554 872 patrium
575 791 725 862 ditaverit,
749 811 788 852 ac
807 811 887 853 noea
907 812 1008 853 reram

217 881 549 971 Nomina-proluderet.

200 996 323 1058 lccirco
350 995 440 1061 niul
467 1001 501 1058 et
527 995 625 1058 Ennii
651 978 797 1078 exemplo
826 996 970 1060 excitata
995 997 1206 1059 Rornanorum

140 1103 247 1165 studia
267 1107 350 1182 sunt,
371 1108 406 1165 ut
427 1102 548 1185 aliquid
569 1103 632 1185 ipsi
649 1103 777 1185 dignum
789 1104 918 1166 illorum
934 1088 1099 1165 conatibus
1111 1119 1204 1183 prae·
1322 1159 1324 1164 .

140 1211 276 1268 starent
317 1205 383 1271 Sub
412 1207 496 1270 idem
524 1207 607 1270 enim
634 1212 756 1287 tempus
783 1199 839 1287 Sp.
868 1205 1041 1285 Carvilius,
1067 1207 1205 1268 libertus

140 1310 231 1404 illius
254 1311 401 1392 Carvilii,
423 1313 477 1397 qui
497 1314 617 1395 primus
638 1315 846 1377 Romanorum
862 1313 1034 1399 divortium
1048 1313 1088 1377 ab
1102 1330 1204 1375 uxore
1266 1305 1268 1309 ’

139 1419 226 1498 fecit,
248 1421 414 1500 aperuisse
435 1417 542 1483 ludum
564 1426 597 1483 et
617 1421 763 1484 mercede
779 1421 924 1484 docuisse
945 1422 1050 1484 fertur
1065 1418 1103 1499 ²).
1116 1420 1206 1495 Quod
1298 1451 1300 1453 >

141 1525 332 1606 disciplinae
353 1546 456 1609 genus
476 1528 665 1609 instituerit,
691 1548 756 1592 non
785 1533 918 1592 constat
952 1528 1073 1592 ‘videri
1101 1533 1207 1609 potest

143 1631 263 1716 Latina
291 1631 533 1721 interpretandi
553 1654 665 1698 munus
692 1636 890 1717 suscepisse;
917 1641 1080 1699 versatumr
1101 1638 1206 1696 autem

145 1757 217 1801 csse
239 1739 274 1802 in
300 1740 527 1821 pronuntiandi
555 1746 634 1820 arte,
661 1741 736 1804 inde
763 1749 862 1823 patet,
890 1742 973 1824 quod
998 1742 1117 1823 primus
1144 1724 1208 1803 dis-

141 1843 242 1906 tinxit
262 1843 391 1909 literam
413 1844 452 1925 G,
473 1843 562 1926 eujus
583 1847 685 1909 vicem
706 1847 732 1912 O
754 1846 937 1912 obtinuerat
955 1844 993 1928 3).
1026 1847 1138 1913 Simile
1160 1847 1208 1910 in-

145 1950 289 2014 stitutum
307 1952 547 2034 fuit-Obilonis‚
569 1955 622 2036 qui
644 1953 775 2018 Catonis
799 1953 947 2019 Censorii
961 1973 1075 2032 servus
1091 1950 1209 2034 eracl).
1278 2021 1281 2027 ,

202 2060 365 2124 Exstabat
386 2061 487 2142 igitur
507 2061 569 2125 bac
590 2066 697 2125 aetate
718 2062 854 2125 materia
881 2060 962 2123 satis
990 2062 1103 2141 ampla,
1129 2062 1210 2124 mula

141 2172 244 2228 torum
264 2173 430 2248 poetarum
450 2174 485 2231 et
504 2166 728 2232 historicorum
742 2168 891 2250 operibus
905 2167 1046 2242 condita;
1068 2158 1208 2248 locuple-

138 2276 205 2333 tata
226 2272 335 2333 multis
357 2273 467 2337 verbis
488 2274 593 2336 latina
613 2274 727 2355 lingua
747 2263 820 2336 erat
840 2273 939 2335 llnnii
959 2271 1155 2354 potissimum
1176 2277 1210 2334 et

141 2376 275 2442 Catonis
303 2379 459 2460 ingeniis3
490 2381 660 2445 literarum
687 2381 755 2444 ludi
783 2386 885 2461 erant,
912 2381 947 2443 in
974 2380 1086 2463 quibus
1114 2378 1209 2441 discl-

137 2484 229 2564 plina
249 2485 283 2547 in
305 2485 375 2548 dies
395 2486 498 2568 magis
517 2486 737 2566 excolebatur,
763 2504 823 2569 quo
843 2485 974 2567 propius
995 2485 1037 2549 ad
1055 2485 1202 2548 Graecae

137 2580 275 2654 rationis
296 2592 505 2657 imitationem
521 2599 749 2674 praeceptores
765 2593 970 2657 accedebant
990 2594 1205 2657 Verumtamen

138 2696 188 2761 bis
210 2698 290 2762 satis
311 2699 476 2781 prosperis
498 2700 788 2782 opportunitatibus
809 2700 952 2780 Romani,
974 2700 1112 2765 nondum
1132 2718 1205 2781 cog·

174 2854 200 2932 ¹)
223 2853 322 2934 Epist.
344 2853 383 2913 ad
401 2851 505 2915 Pison.
526 2872 554 2915 v.
576 2852 617 2912 56
635 2871 702 2933 sqq.
877 2912 879 2916 ,

169 2937 198 3013 ²)
222 2934 302 3000 Plut.
323 2934 464 3008 Quaestt.
484 2934 575 2997 Rom.
587 2955 616 3015 p.
628 2933 698 2998 278.
715 2935 785 3014 Ὀψὲ
806 2933 831 2996 δ’
853 2935 968 3017 ἤρξαντο
986 2937 1093 3013 μισθοῦ
1112 2935 1211 2997 διδάσ-

219 3045 282 3088 κειν,
308 3021 354 3081 καί
377 3019 485 3100 πρῶτος
512 3017 610 3097 ἀνέῳξε
637 3018 1106 3099 γραμματοδιδασκαλεῖον’Σπορίος
1124 3029 1207 3100 Καρ-
1250 3085 1253 3093 ι

222 3107 310 3179 βίλιος
329 3101 512 3180 ἀπελεύθερος
531 3104 687 3180 Καρβιλίου
706 3102 756 3161 τοῦ
776 3101 886 3180 npoirov
906 3097 1026 3177 γαμετὴν
1042 3103 1209 3176 ἐκβαλοντος.

220 3181 279 3245 Css'.
300 3181 448 3242 Funccins
470 3180 553 3260 Orig.
575 3181 611 3243 L.
631 3180 667 3244 L.
688 3201 718 3261 p.
742 3179 809 3244 169.
830 3177 930 3242 Tirab.
951 3179 1010 3260 Op.
1032 3179 1052 3241 l
1072 3200 1102 3260 p.
1126 3185 1193 3244 141.

173 3265 199 3344 3)
221 3262 303 3327 Plut.
324 3264 344 3325 Ι.
365 3263 385 3327 l.
405 3283 435 3343 p.
457 3263 528 3326 277.
548 3267 607 3326 Καί
624 3267 680 3346 γὰρ
701 3267 733 3325 τὸ
754 3291 779 3326 ιι.
801 3264 870 3345 πρὸς
889 3264 920 3324 τὸ
941 3291 968 3343 γ.
986 3268 1143 3344 συγγένειαν
1156 3266 1209 3338 ἔχει

219 3349 284 3430 παρ’
301 3347 405 3418 αὐτοῖς·
426 3346 480 3425 dus?
499 3348 555 3428 γὰρ
584 3347 731 3426 ἐχρήσαντο
758 3348 797 3425 τῷ
817 3347 924 3426 γάμμα,
942 3351 1095 3426 Καρβιλίου
1120 3371 1209 3426 προο-

224 3431 384 3511 εξεορόντος.
419 3427 540 3490 Terent.
562 3427 666 3490 Scaur.
689 3447 737 3508 ap.
758 3426 882 3489 Putsch.
903 3447 934 3508 p.
955 3425 1046 3490 2253.
1072 3426 1207 3486 Vossius

222 3511 280 3590 Op.
302 3511 322 3575 l.
342 3530 372 3591 p.
393 3511 443 3573 24.
466 3509 516 3571 37.
558 3508 708 3571 Fuuccius
728 3510 748 3573 Ι.
770 3510 790 3573 Ι.
817 3529 848 3590 p.
874 3509 924 3593 38.
954 3508 1022 3575 169.
1063 3508 1147 3570 Diss,
1168 3507 1207 3567 de

218 3592 619 3673 fflfflhhcbdb

172 3674 198 3754 ¹⁵)
219 3674 298 3738 Plut
312 3675 377 3738 Cat.
394 3675 469 3755 Maj.
483 3675 531 3737 20.
550 3679 624 3738 Ἐπεί
638 3676 657 3736 t
662 3675 760 3756 ἤρξατο
776 3681 895 3738 συνιέναι
915 3675 931 3737 ὁ
953 3677 1018 3746 υἱός,
1037 3672 1206 3754 παραλαβών

220 3759 303 3830 αὐτὸς
323 3764 448 3821 ἐδίδασκε
468 3760 623 3839 γράμματα·
645 3763 733 3819 καίτοι
754 3763 884 3839 χαρίεντα
910 3761 1007 3819 δοῦλον
1035 3753 1087 3829 εἶχε
1112 3780 1204 3835 γραμ-

218 3843 360 3918 ματιστὴν,
388 3840 476 3920 ὄνομα
501 3846 618 3911 Χίλωνα,
653 3842 770 3912 πολλοὺς
804 3841 968 3902 διδάσκοντα
1001 3841 1113 3907 παῖδας.
1155 3834 1202 3896 Cf.

205 3917 390 3985 -Scblosser,
411 3921 502 3985 Univ.
524 3920 595 3985 bist.
616 3921 743 3985 Uebers
764 3921 833 3985 Vol.
855 3925 894 3987 ll.
916 3919 944 3983 2.
965 3938 994 4000 p.
1016 3917 1087 3982 258.
