2692 4666
535 320 802 395 -101-

143 496 345 560 Herenniani
366 501 465 572 aetas,
487 477 668 576 comparata
689 510 757 556 eum
773 491 913 573 juvenili
933 489 1107 567 Ciceronis,
1128 506 1201 552 con·

142 603 366 684 discipulatum
386 601 512 664 minime
534 600 680 665 admittit

204 712 315 791 ltaque
337 709 527 775 difficultate
548 706 610 770 hae
630 706 766 770 nondum
786 706 914 786 penitus
935 703 1071 784 sublata,
1098 703 1199 767 verto

139 818 181 880 de
203 822 336 898 unoque
357 833 453 897 opere
475 817 661 878 monendum
682 814 818 877 videtur.
861 814 932 875 Non
952 813 1053 875 omnis
1074 811 1200 876 omnino

143 923 309 989 Ciceronis
346 922 527 986 Rhetoricis
568 923 659 987 deest
694 920 912 1002 praecipiendi
944 917 1108 1000 jejunitas,
1143 917 1201 985 sed

141 1034 242 1095 multo
271 1038 344 1094 suut
370 1031 584 1094 Herennianis
615 1030 816 1110 elegantiora
846 1048 884 1091 ae
911 1026 1051 1109 puriora,
1086 1027 1200 1109 quippe

145 1145 269 1202 remota
290 1135 438 1219 ajejuua
458 1143 491 1200 et
512 1137 604 1200 arida
623 1136 844 1219 praecipiendi
864 1134 1000 1213 ratione,
1028 1153 1108 1216 qnae
1129 1133 1200 1196 illis

144 1251 196 1308 est
216 1245 355 1327 propria„
377 1242 501 1323 Majore
524 1244 688 1306 doctrinae
711 1243 801 1324 copia
828 1242 941 1322 nitent,
968 1261 1006 1305 ae
1034 1241 1200 1304 severiore

138 1350 271 1432 judicio,
300 1351 467 1414 subtiliore
495 1352 629 1427 delectu,
656 1350 821 1433 pulcrique
852 1368 949 1412 sensu
974 1347 1099 1411 acriore
1127 1364 1202 1410 eon-

141 1459 264 1539 scripta
284 1463 358 1521 sunt
380 1455 416 1537 ¹).
458 1457 629 1521 Auctorem
654 1458 801 1520 referunt
829 1477 894 1519 nou
921 1458 993 1520 sola
1021 1455 1202 1519 Stoicorum

143 1565 317 1629 dialectica
342 1571 532 1644 contentum,
560 1564 618 1627 sed
647 1565 695 1628 ita
720 1565 852 1628 tinctum
879 1564 1074 1628 Graecorum
1098 1561 1203 1645 philo·

139 1672 309 1754 sophorum
331 1673 365 1734 in
385 1671 448 1735 hac
470 1678 540 1735 arte
559 1671 686 1751 studiis,
708 1683 743 1735 ut
762 1674 804 1736 iis
831 1672 989 1751 rhetores
1016 1672 1069 1754 qui
1096 1671 1136 1734 de
1164 1689 1204 1735 ea

139 1781 340 1843 commentati
362 1785 486 1858 essent,
507 1781 698 1863 praesertim
719 1781 956 1860 Hermagoran,
975 1784 1146 1860 postponat
1166 1775 1204 1859 ²),

139 1904 241 1967 neque
264 1903 343 1946 vero
364 1882 564 1966 philosophis
589 1903 713 1966 semper
733 1885 825 1949 fidem
846 1883 972 1963 habeat,
999 1885 1055 1947 sed
1083 1887 1122 1947 ab
1150 1904 1203 1947 eo-

139 2009 208 2052 rma
230 1990 376 2052 doctrina
397 1990 549 2068 discedat,
570 1991 625 2054 ubi
649 1990 858 2072 improbanda
879 1990 1028 2053 videatur
1051 1989 1087 2069 3).
1118 1989 1201 2052 Red

140 2097 188 2159 dit
209 2104 313 2160 tamen
335 2117 458 2176 causas,
479 2117 539 2160 nec
566 2098 733 2181 quidquam
762 2105 880 2161 temere
909 2103 964 2161 aut
990 2097 1110 2160 leuiter
1137 2102 1203 2161 sta·

141 2205 204 2267 tuit
224 2202 263 2284 ⁴).
306 2205 364 2267 His
395 2205 590 2286 potissimum
618 2206 767 2269 laudibus
795 2205 1032 2268 Herennianum
1053 2223 1131 2285 opus
1152 2206 1206 2268 de-

141 2310 286 2372 stitutunn
308 2314 366 2388 est,
388 2307 476 2388 cujus
499 2315 610 2372 auctor
637 2308 806 2372 rhetorum
833 2311 1014 2392 praeceptis
1040 2310 1205 2373 institutus

139 2423 172 2479 et
200 2435 284 2493 usus,
311 2435 399 2478 suam
427 2417 551 2498 quidem
582 2417 715 2481 subinde
749 2417 940 2481 sententiam
968 2416 1145 2498 interponit
1172 2421 1206 2479 et

139 2523 340 2605 disciplinam
360 2523 484 2586 inducit
506 2544 526 2587 a
547 2524 744 2588 Graecorum
763 2526 890 2589 ratione
911 2525 1072 2588 diversam
1089 2522 1125 2605 ⁶),
1146 2542 1203 2587 ve·

137 2649 208 2692 rum
236 2636 366 2711 praeter
397 2629 525 2692 scholae
558 2632 703 2696 subsidia
729 2633 813 2695 alios
839 2633 1070 2715 gravioresque
1097 2633 1203 2695 fontes

138 2739 196 2800 vel
216 2737 396 2818 incognitos
417 2735 529 2800 habuit
550 2740 606 2800 vel
628 2739 766 2801 intactos
786 2740 1011 2821 praetermisit
1032 2740 1114 2801 Hinc
1135 2745 1200 2803 tum

137 2846 172 2906 in
193 2844 348 2908 librorum
370 2845 472 2906 forma
494 2863 532 2906 ac
554 2845 691 2926 ratione,
712 2853 777 2908 tum
798 2848 966 2928 praecipue
995 2847 1029 2908 in
1050 2864 1202 2925 praecep-

139 2958 244 3013 torum
279 2957 373 3033 atque
409 2956 666 3031 argumentorum
701 2953 900 3034 expositione
933 2967 1078 3032 magnum
1114 2944 1202 3012 inter

142 3064 307 3140 utrumque
331 3064 489 3120 auctorem
513 3059 682 3122 discrimen
701 3059 973 3122 animadvertitur.
995 3056 1105 3132 Quoad
1120 3055 1204 3118 enim

173 3264 196 3340 1)
219 3260 326 3324 Cicero
347 3260 439 3360 reddat
459 3261 538 3342 lepte
555 3264 655 3323 (deser
670 3261 788 3360 schrift
807 3263 905 3360 weaip
924 3261 1029 3361 werilo
1050 3261 1202 3334 beseleet

219 3342 1201 3508 {titt}02⁰?institituitttthttat'dtttt

217 3510 339 3570 reicdea
360 3508 559 3591 Dursteiluap
579 3532 615 3572 zu
636 3509 814 3572 detondetur.
834 3509 972 3573 Haudius
993 3512 1023 3572 iu
1043 3509 1155 3588 Eocyc.
1179 3509 1198 3569 l.
1310 3508 1314 3514 ’
