2692 4666
72 519 225 611 historia.
246 516 403 582 Gracchis
423 518 458 580 in
478 519 600 598 gremio
621 510 745 581 matris
760 515 912 596 educatis,
937 517 1137 597 praepositos

71 627 220 690 Graecos
239 625 411 707 magistros
432 625 589 703 videmus;
610 645 648 689 ac
662 626 813 690 'liberius
831 623 956 707 quidem
970 643 1039 686 cum
1054 623 1139 686 alios

74 732 266 815 exquisitos,
294 738 360 795 tum
388 732 549 797 Graeciae
578 733 772 816 temporibus
798 732 868 796 illis
895 731 1137 794 disertissimum

71 840 189 918 virum,
222 836 421 921 Diophanem
456 840 695 919 Mitylenaeum,
730 839 917 903 adolescens
953 835 1138 916 audivit1).

69 948 190 1010 Parem
216 945 354 1009 Graecis
391 948 499 1010 literis
538 947 752 1030 imprimisque
787 947 990 1030 eloquentiae
1023 946 1138 1010 studiis

70 1071 202 1136 operam
223 1053 321 1133 dedit,
341 1054 400 1117 sod
420 1055 635 1119 dissimulavit
661 1055 772 1119 Crassi
798 1061 898 1118 aetas.
938 1055 1017 1117 Nam
1047 1072 1140 1134 qrrnnr

71 1161 272 1244 antiquiores
292 1163 394 1242 multi,
414 1163 491 1227 item
511 1164 650 1227 ltutilius
673 1165 788 1241 Rufus,
816 1161 958 1239 catulus,
984 1161 1138 1224 Metellus

72 1268 259 1334 Numidicus
271 1266 309 1348 2),
331 1269 398 1349 alii,
413 1289 478 1334 non
498 1270 742 1335 abhorruissent
762 1271 804 1335 ab
824 1269 875 1348 iis,
887 1269 1005 1331 finctus
1025 1267 1140 1330 iisdem

72 1371 235 1437 Antonius
252 1378 420 1452 portaretur
442 1373 479 1454 ³),
499 1381 565 1437 tum
586 1374 736 1439 Crassum
757 1375 804 1438 ita
824 1372 973 1454 imbutum
1000 1372 1140 1436 Graeco·

72 1498 146 1543 run
173 1479 298 1544 artibus
326 1481 566 1565 institutumque
594 1483 769 1561 constabat,
795 1487 831 1545 ut
858 1480 1042 1562 eloquentia
1072 1477 1142 1561 ejus

72 1587 221 1667 exemplo
248 1588 367 1650 ceteris
395 1607 594 1673 summaeque
629 1588 832 1654 admirationi
858 1593 964 1652 ,esset
1006 1584 1140 1650 Athenis

71 1693 200 1759 audivit
224 1693 439 1775 peritissimos
465 1697 593 1759 dicendi
620 1695 836 1779 philosophos,
872 1696 1009 1775 amioum
1030 1694 1142 1760 babuit

72 1799 305 1882 Asclepiadem,
324 1808 438 1882 postea
458 1806 575 1867 Romae
596 1804 722 1867 dicendi
742 1804 937 1886 magistrum,
958 1804 1072 1866 calluit
1087 1822 1142 1867 au-

71 1916 150 1971 ten,
161 1907 319 1972 Graecam
338 1910 490 1992 linguam,
509 1917 660 1993 tanquam
680 1911 776 1973 aliam
796 1929 860 1973 non
881 1915 992 1972 nosset
1012 1905 1058 1988 ⁴).·

108 2016 234 2080 cl’atct
253 2034 297 2079 ex
317 2015 415 2096 bisce,
438 2017 635 2081 Graecorrmr
656 2016 874 2095 eruditionem,
895 2016 999 2079 invito
1025 2016 1142 2097 populo

72 2125 226 2204 Romo,
247 2125 426 2189 invaluisse
447 2126 566 2188 sensim
586 2126 705 2188 Itomae
727 2129 761 2186 et
780 2123 956 2204 prudenter
977 2121 1018 2183 ad
1046 2139 1143 2184 exco-

74 2229 205 2295 lendam
224 2229 401 2311 principum
422 2229 565 2293 virorum
586 2229 834 2293 adolescentiam
861 2226 1035 2292 adhibitam
1061 2243 1144 2312 esse.

74 2338 144 2404 Sed
165 2356 243 2418 eam,
266 2337 379 2419 quippe
408 2337 608 2417 adscititiam,
628 2337 720 2400 multi
747 2353 872 2416 semper
899 2337 1144 2410 contemserrmt,

75 2446 135 2510 alii
155 2450 306 2527 tanquam
325 2446 538 2526 periculosam
555 2444 727 2524 juventuti,
749 2442 915 2526 aspernati
935 2447 1018 2504 sumt.
1061 2443 1145 2516 Qua·

75 2555 210 2632 propter
230 2549 255 2612 ii
276 2549 347 2630 ipsi,
369 2549 423 2632 qui
443 2549 478 2612 in
507 2549 609 2612 oculis
639 2548 765 2629 civium,
792 2548 828 2612 in
853 2548 978 2612 forensi
1004 2549 1086 2626 luce,
1110 2544 1147 2608 in

76 2674 246 2721 musarum
270 2655 433 2718 varietate
463 2653 660 2734 habitabant,
692 2655 893 2719 liberalioris
915 2652 1144 2743 institutionis,

78 2783 140 2847 qua
161 2763 233 2827 sire
254 2761 290 2826 in
311 2761 451 2826 Graecia
470 2762 541 2826 sive
562 2763 799 2835 ltomaefructi
825 2749 943 2842 essent,
964 2761 1147 2843 opinionem

77 2888 100 2933 a
117 2887 155 2932 se
174 2885 343 2930 removere
364 2867 569 2946 conabantur,
591 2872 711 2932 utnon
731 2872 796 2930 tam
818 2868 904 2930 docti
931 2866 1036 2930 variis
1064 2862 1145 2927 arti-

161 3052 1175 3221 tttlttlttttlllttttlttdt‘ttttf‘btttltt‘

163 3218 278 3280 auditis
304 3216 475 3278 oratoribus
505 3216 643 3291 Graecis,
676 3222 865 3302 copidtisque
901 3239 1006 3280 comm
1042 3216 1148 3284 literis,

162 3298 364 3380 adhibitisque
384 3299 567 3371 doctoribus,
586 3302 758 3363 incredibili
777 3303 910 3384 quodam
938 3303 1039 3363 nostri
1056 3299 1148 3381 bomi-

160 3400 215 3442 aaa
237 3382 338 3442 studio
355 3382 572 3462 wormat.

119 3464 142 3542 ¹)
164 3462 343 3609 &pagrum
356 3464 405 3527 26.
417 3465 465 3527 27.
482 3465 530 3529 58.
551 3463 631 3530 Plut.
647 3464 713 3528 Tib.
725 3463 852 3529 Gracch.
864 3466 893 3530 8.
909 3466 955 3532 17.
967 3465 1017 3530 20.
1039 3466 1149 3528 Strabo

112 3628 140 3708 2)
162 3566 224 3690 gie.
244 3627 264 3690 l.
276 3593 305 3690 Ἰ.
326 3627 376 3692 30.
396 3628 444 3690 De
465 3629 549 3692 Orat.
566 3634 611 3721 ll.
631 3630 661 3694 7.
682 3634 738 3698 lll.
762 3630 820 3732 18..
837 3629 896 3693 Pro
923 3631 1017 3696 Areh.
1038 3629 1067 3694 3.
1099 3626 1150 3690 Ad

117 3791 143 3872 ,
164 3710 564 3860 tl0tttttllut
579 3711 894 3869 teanum
916 3801 927 3872 <
952 3795 976 3871 >.

115 3871 142 3954 α)
163 3874 225 3937 Oia
248 3875 267 3937 Ι.
288 3874 308 3938 l
329 3881 353 3940 1.
377 3875 424 3941 13.
447 3879 495 3942 20.
516 3882 556 3942 ll.
581 3883 607 3942 1.
649 3877 766 3940 Plinius
790 3879 870 3943 Hist.
898 3876 969 3940 Nat.
991 3873 1097 3939 XXV.
1120 3879 1148 3943 2.

165 3956 286 4022 XXVl.
308 3962 336 4026 3.
358 3958 476 4021 Clinton
496 3957 598 4022 Fastis
619 3961 689 4026 Vol.
710 3965 748 4026 ll.
769 3982 798 4042 p.
820 3961 888 4027 545.
