2692 4666
201 512 325 577 Aelium
344 515 481 579 facetum
500 511 660 583 bominem·
677 513 787 592 fuisse,
807 511 1004 593 auspicamur
1029 528 1073 574 cx
1094 509 1189 575 Plinii

74 629 78 637 '
140 619 324 683 narratione
350 617 386 698 ¹).
407 621 569 684 Proditum
589 626 647 699 est,
667 620 848 702 Scipionem
869 618 1087 697 Aemilianum
1103 635 1192 700 quen

139 733 251 807 postea
275 726 457 791 Africanum
484 728 643 806 dixerunt,
675 746 767 809 quum
795 727 941 790 tribunus
975 725 1010 787 in
1037 724 1193 806 Hispania

140 833 304 911 militaret,
324 835 451 916 insigne
470 834 669 899 fortitudinis
688 834 867 914 exemplum
894 832 1030 894 dedisse.
1070 832 1121 893 Ad
1141 833 1193 894 ln-

140 938 318 1023 terentiana,
336 942 477 1006 validum
497 940 587 1007 illius
607 941 750 1022 regionis
771 940 925 1022 oppidum,
945 938 1084 1002 hostiles
1105 938 1193 1001 acies

137 1045 220 1109 nibil
240 1048 407 1112 molientes
427 1049 642 1112 considebant
696 1047 843 1124 Quotidie
871 1051 978 1110 tamen
999 1065 1018 1108 e
1038 1046 1194 1110 barbaro-

139 1171 208 1216 rum
228 1156 344 1218 cestris
364 1155 492 1219 immoni
518 1155 734 1236 magnitudine
759 1153 863 1232 miles,
892 1152 1068 1235 splendidis
1095 1152 1195 1217 arrum

137 1266 276 1341 ornatus,
297 1262 481 1344 obequitare
502 1262 635 1341 solebat,
655 1266 689 1325 et
702 1263 858 1325 llomancs
875 1261 917 1324 ad
937 1261 1102 1340 singulare
1124 1277 1194 1322 eer-

138 1374 243 1432 tamen
264 1369 417 1432 conviciis
437 1369 609 1432 lacessere.
648 1371 719 1433 Non
743 1370 820 1453 tulit
845 1388 883 1445 os
910 1366 1045 1431 bominis
1072 1366 1194 1448 Scipio,

140 1494 291 1556 querorque
312 1473 414 1538 denuo
436 1475 606 1539 saltatorio
625 1480 718 1556 gestu
738 1470 956 1557 prosilientem
985 1461 1195 1555 conspiceret,

139 1582 265 1645 obviam
292 1581 364 1644 iens
392 1600 521 1671 eumque
549 1581 679 1645 adortus
705 1580 892 1664 profligavit
913 1580 952 1662 ²).
995 1583 1114 1650 Postea
1142 1583 1194 1656 ln-
1225 1640 1230 1651 ,

140 1688 343 1754 tercatiensis
369 1686 462 1769 bujus
488 1688 708 1770 provocatoris
740 1689 835 1769 iulius,
863 1691 1001 1767 Romam,
1033 1694 1080 1765 ot,
1104 1686 1195 1750 vidc-

139 1799 201 1873 tur,
229 1793 365 1874 delatus,
395 1795 522 1874 annino,
549 1795 602 1876 qui
629 1794 812 1859 certaminis
839 1795 1029 1877 insculptam
1056 1793 1196 1876 effigiem

138 1898 281 1979 baberet,
302 1901 480 1982 signatorio
500 1920 575 1964 usus
596 1907 655 1964 est.
696 1902 746 1966 lbi
771 1900 891 1981 Aelius,
916 1901 1050 1964 miratus
1072 1906 1196 1964 mntem

142 1997 320 2089 stultitiam,
347 2008 530 2092 quaerebat,
565 2008 640 2091 quid
670 2009 797 2072 tandem
830 2009 946 2072 fuisset
981 2009 1133 2086 facturus,
1167 2007 1197 2069 si

140 2112 247 2194 Scipio
269 2134 298 2178 -a
323 2121 415 2197 patre
437 2113 505 2196 ejus
526 2115 712 2178 interemtus
740 2120 834 2178 esset.
874 2115 955 2177 lllox
980 2113 1099 2177 festive
1130 2113 1196 2176 dic-
1229 2126 1230 2131 ’

139 2226 205 2284 tum
225 2240 285 2303 per
305 2222 466 2284 civitatem
486 2222 654 2287 increbuit.
696 2222 785 2300 llinc,
815 2222 843 2284 si
872 2221 947 2303 quid
974 2220 1078 2301 video,
1099 2221 1196 2284 resti-

139 2328 287 2391 tuendum
309 2328 391 2410 apud
412 2326 596 2391 ciceronem
616 2323 706 2393 Aelii
726 2345 840 2389 nomen
860 2327 894 2413 in
915 2326 1053 2409 epistola
1073 2327 1115 2389 ad
1137 2328 1197 2391 Pa·

139 2433 254 2514 piriruu
274 2436 404 2498 Paetum
427 2431 453 2512 ³)
475 2434 530 2497 ubi
548 2433 617 2514 legi
638 2435 736 2513 solet:
759 2430 808 2496 l'e
827 2451 923 2518 quum
949 2433 1054 2510 cidem
1084 2449 1196 2516 omnes

138 2537 217 2602 mibi
245 2536 402 2614 Granius,
430 2556 541 2602 omnes
561 2534 726 2614 Lucilios,
746 2557 822 2602 vere
848 2546 884 2603 ut
909 2539 1027 2616 dicum,
1049 2534 1197 2604 Crassos

139 2648 321 2726 quoquest
339 2639 480 2707 Laelios
499 2642 609 2707 cidem
628 2644 749 2709 videor.
790 2642 935 2723 Moriar,
955 2650 987 2710 si
1006 2651 1152 2728 praem
1163 2651 1197 2710 te

140 2764 329 2833 quemquam
349 2746 509 2831 reliquom
531 2748 644 2828 babeo,
665 2754 700 2815 in
722 2769 786 2834 quo
803 2756 928 2834 possim
945 2755 1115 2834 tmaprnem
1136 2769 1195 2816 cro-

140 2858 251 2939 ilquce
272 2860 304 2921 et
324 2854 523 2921 emmoniae
538 2852 733 2936 festivitatis
750 2875 939 2940 spuerem.
958 2859 1091 2922 Laelius
1103 2876 1195 2923 nemo

137 2944 302 3026 inuenitur
339 2961 450 3027 Crassi
481 2964 633 3046 aequalis,
670 2983 771 3047 neque
806 2965 845 3027 de
879 2965 1002 3043 baubo,
1034 2963 1195 3047 Scipionis

138 3068 247 3147 arnico,
274 3087 376 3133 sermo
404 3088 475 3132 esse
503 3076 617 3152 potest,
647 3071 700 3153 qui
725 3074 862 3152 supinos
900 3070 1066 3135 dicebatur
1094 3071 1194 3133 etde

138 3192 198 3257 quo
219 3174 407 3239 festivitatis
427 3177 518 3240 nulla
537 3177 622 3240 fama
641 3183 722 3240 erat.
744 3179 849 3254 Quare
871 3177 1021 3241 existimo
1040 3175 1102 3241 boc
1122 3179 1194 3240 loco

143 3318 355 3343 *n—-n—

221 3428 311 3487 oatus
332 3431 405 3498 crat,
425 3432 505 3491 teste
525 3427 716 3509 Hieronymo,
736 3431 773 3493 Δ.
795 3429 834 3494 U.
851 3431 921 3493 584.
940 3429 1100 3493 Libentius
1119 3451 1197 3494 sano

219 3505 338 3570 Nautes
359 3511 538 3572 sententiam
557 3513 716 3592 sequimur.
737 3513 827 3575 Vidd.
840 3513 940 3577 Madv.
956 3512 1088 3600 Opuscc.
1099 3513 1198 3576 Acad.

175 3674 197 3795 q
219 3587 392 3734 indubiis
408 3591 570 3735 ildinus.
595 3675 620 3734 1.
643 3677 706 3774 (u).
842 3760 849 3776 ·
1044 3760 1052 3777 ⁸
1159 3761 1167 3778 ι

181 3757 205 3998 g
220 3753 586 3985 qqqoqeqa
607 3758 796 3905 eren
811 3757 897 3904 eo

179 3939 185 3956 “
336 3939 362 3983 v.
430 3962 437 3982 .
500 3964 508 3981 .
584 3978 590 3987 .
