2692 4666
535 313 805 388 ...102-

149 490 231 554 artis
251 488 419 571 angustiae
436 487 614 570 patiuntur,
634 487 670 551 in
691 485 846 551 cicerone
872 501 988 566 magna
1013 499 1123 545 remma
1151 499 1214 545 va·

142 597 253 676 rietes,
267 601 370 660 comta
387 602 420 659 et
441 595 571 678 eopiosa
581 595 695 675 oratio,
707 595 742 658 in
759 593 963 657 Herenniano
976 608 1056 655 vero
1071 589 1212 653 doctore

140 704 291 769 inornata
318 707 351 767 et
377 703 510 768 subinde
538 703 693 785 languida
713 702 820 781 dictio,
841 700 1041 764 diversorem
1065 698 1209 761 fontium

140 811 285 894 penuria,
307 811 500 875 scholastica
520 829 627 875 rerum
648 810 867 894 pertractatio.
897 807 1061 873 Ciceronis
1081 803 1221 885 majora

137 919 271 1002 petituri
299 939 337 983 ae
362 917 428 1001 jam
455 919 584 984 scholae
611 921 752 985 umhram
787 917 942 1000 fugientis
971 915 1116 997 vestigia
1143 934 1208 978 ex-

139 1031 243 1089 stant:
265 1027 487 1091 Herennianus
509 1046 589 1092 vcro
612 1026 758 1091 assiduus
780 1045 818 1090 ao
845 1024 1045 1107 perdiligens
1075 1023 1210 1086 dicendi

141 1139 332 1214 praeceptor
353 1133 567 1215 cognoscitur.
610 1132 723 1197 Cicero
751 1131 887 1214 denique
915 1131 970 1194 dat
997 1147 1136 1212 operam,
1172 1134 1211 1191 ut

144 1243 247 1302 artem
273 1239 428 1317 illustret,
454 1239 595 1301 occultet
622 1237 800 1317 artificium,
829 1236 1083 1320 praeceptionem
1117 1253 1213 1298 suam

139 1348 180 1412 ah
201 1347 403 1429 eloquentiae
425 1345 697 1409 commendatione
724 1342 853 1427 ejusque
881 1350 1017 1407 naturae
1043 1343 1210 1425 pervesti—
1283 1365 1285 1370 ·

140 1455 270 1538 gatione
292 1453 425 1532 orditur,
440 1453 601 1534 ipsamque
615 1452 807 1516 rhetoricam
824 1457 925 1516 artem
941 1451 1051 1514 civilis
1066 1450 1210 1514 rationis

138 1567 262 1645 partem
288 1559 400 1636 hahet3
429 1558 652 1622 llerermianus
682 1575 772 1636 vero,
805 1558 867 1620 etsi
895 1557 1041 1634 affirmet,
1068 1572 1209 1636 parram

140 1673 264 1751 partem
284 1667 372 1729 vitae
393 1667 646 1749 perfectissimae
668 1665 856 1744 desiderari,
872 1666 901 1727 si
923 1663 994 1747 quis
1016 1662 1049 1725 in
1062 1662 1210 1742 dicendo,

144 1792 205 1856 quo
226 1773 318 1852 velit,
345 1791 409 1834 non
436 1773 616 1855 perveniat,
643 1767 749 1835 ta'men
777 1771 811 1833 in
840 1776 910 1834 arte
941 1768 1131 1849 exponenda
1159 1767 1212 1831 sie

140 1886 301 1960 versatur,
322 1885 357 1941 ut
378 1880 507 1943 artificii
528 1881 730 1962 praecipuam
751 1879 907 1943 rationem
928 1875 1047 1941 haheat
1070 1873 1106 1956 ¹).

205 1988 259 2050 Ex
285 1986 345 2051 hac
375 1987 569 2050 discriminis
596 1989 761 2051 notatione
791 1987 825 2050 in
852 2004 920 2049 eam
950 1984 1129 2066 opinionem
1156 1982 1211 2044 in-

147 2093 259 2157 ductus
281 2111 358 2170 sum,
379 2099 414 2155 ut
435 2093 622 2170 existimem,
644 2092 829 2155 Ciceronem
850 2097 1015 2172 postquam
1042 2087 1121 2151 satis
1142 2087 1210 2167 diu,

144 2198 223 2261 duce
250 2198 352 2276 Aelio,
386 2199 538 2261 oratoriis
577 2197 863 2271 exercitationibus
897 2214 1026 2276 operam
1053 2193 1209 2272 dedisset,

148 2309 182 2367 et
201 2304 458 2386 praeceptionem
471 2302 674 2382 rhetoricam,
685 2301 850 2382 discipulis
872 2300 911 2364 ah
933 2299 1025 2362 Aelio
1047 2299 1211 2380 dictatam,

146 2409 263 2472 sensim
285 2414 509 2491 comparasset,
530 2409 653 2471 ltloloni
674 2406 797 2469 Rhodio
819 2406 954 2487 aliisque
981 2405 1148 2486 magistris
1170 2424 1210 2469 se
1234 2385 1236 2389 ¹

148 2516 351 2597 applicuisse,
370 2521 407 2577 ut
426 2515 604 2578 uberiorem
619 2514 733 2576 artium
747 2513 955 2593 ingenuarum
971 2511 1212 2594 philosophiae-

146 2639 206 2703 que
229 2620 440 2701 cognitionem
461 2619 651 2700 perciperet
672 2620 709 2680 ln
724 2617 835 2700 quihus
849 2618 962 2680 studiis
983 2635 1075 2699 quum
1094 2622 1210 2680 noctes

144 2733 240 2810 atque
261 2727 330 2789 dies
352 2732 437 2789 totus
458 2732 655 2803 versaretur,
674 2726 792 2789 factum
814 2745 884 2788 esse
912 2732 948 2787 ut
968 2725 1117 2800 Quintum
1137 2727 1209 2789 fra-

108 2878 111 2887 ·
147 2841 238 2914 trem,
259 2852 359 2917 quem,
381 2839 559 2897 ceterarum
580 2833 694 2896 artium
717 2834 963 2897 excolendarum
984 2833 1110 2912 socium,
1126 2834 1210 2896 alie-

144 2943 267 3006 niorem
301 2960 321 3005 a
356 2941 482 3005 dicendi
516 2946 586 3004 arte
622 2940 768 3020 vidisset,
797 2939 1019 3004 adhortatione
1049 2959 1107 3004 sua
1140 2943 1209 3004 elo-

176 3257 199 3332 ¹)
220 3252 330 3315 Dieses
353 3251 448 3353 JVcrle
474 3252 533 3326 (act
559 3251 706 3352 hierenae)
735 3251 777 3311 iet
801 3250 859 3311 dos
887 3252 1001 3351 etapiqe
1026 3253 1208 3353 Illomcmeat

221 3333 1104 3498 theth,tltthetthttettttltt
1117 3336 1208 3481 tlt·

223 3501 375 3579 datrftipcr
394 3501 559 3561 Keantru'ao
580 3501 636 3560 der
666 3497 780 3559 ttltereu
809 3498 1006 3559 tatcireischen
1034 3501 1204 3571 Literatar,

224 3604 281 3644 oua
307 3583 417 3643 Marem
446 3581 532 3643 Getst
557 3582 607 3641 die
634 3578 860 3659 Meistemcholt
893 3583 948 3642 des
975 3583 1207 3663 coepepehenem

223 3667 291 3728 Ana
315 3663 438 3744 Goatpleo
459 3663 543 3723 nieht
561 3662 808 3725 hecoorleucletet.
850 3662 1027 3743 Bernhardy
1049 3664 1110 3747 op.
1133 3666 1152 3727 1.
1177 3687 1206 3747 p.

226 3748 275 3810 23.
296 3748 478 3809 Historicum
498 3765 572 3806 sane
593 3746 719 3824 pretium
740 3747 858 3806 minime
886 3745 956 3808 huie
984 3749 1069 3828 operi
1097 3769 1204 3830 negau-

226 3831 297 3891 dum
317 3836 375 3901 est,
395 3829 538 3908 locosque
560 3829 631 3889 item
658 3847 696 3888 ex
724 3847 761 3888 eo
788 3825 868 3890 hand
899 3830 1045 3893 immerito
1071 3829 1207 3893 laudavit

226 3911 439 3977 Westermann
460 3909 509 3994 op
541 3910 560 3971 l.
582 3911 607 3992 §-
629 3909 678 3971 ot.
699 3928 728 3988 p.
751 3908 818 3972 134.
