2692 4666
127 522 130 527 ·
256 495 444 579 Sedlrujos
471 498 684 580 gramsdmae
712 496 933 576 contentionis,
962 513 1043 580 quae
1069 495 1172 577 magis
1200 493 1257 559 ad-

197 604 423 683 versariorum
452 623 543 686 quam
571 623 652 668 vero
678 603 897 688 quaerentium
928 602 999 681 luit,
1026 620 1129 683 neque
1156 602 1259 666 nullam

195 711 326 774 criticae
348 711 536 794 diligentiae
558 712 683 776 laudem
702 710 822 791 habuit,
848 711 974 794 qualem
1000 728 1127 773 causam
1152 708 1257 772 nume
1294 699 1298 709 ’

199 819 363 881 dicamus?
398 822 468 884 Nou
496 822 640 902 proiecto
668 821 750 883 latet
775 819 810 882 in
836 818 944 899 operis
973 816 1171 881 Herenniani
1198 833 1258 879 ex-

194 925 357 989 cellentia.
387 926 550 990 Manutius
573 926 697 1009 quidem
717 926 819 989 libros
841 922 1103 1006 elegantissimos
1124 928 1157 986 et
1177 921 1257 988 doc-

195 1034 344 1097 tissimos
371 1036 514 1115 appellat
544 1033 580 1114 ¹),
609 1035 767 1097 Ernestuo
794 1038 898 1097 autem
933 1031 1081 1114 graviter
1117 1035 1257 1095 aetatem

195 1158 284 1202 suam
306 1142 457 1223 queritur,
479 1160 568 1204 usum
588 1142 718 1205 illorum
738 1141 876 1222 turpiter
896 1139 1113 1221 negligentem
1135 1135 1178 1217 2);
1200 1157 1256 1201 ve-

195 1264 265 1309 rum
285 1252 391 1311 tamen
419 1266 439 1310 a
466 1248 584 1311 ceteris
612 1249 671 1311 vix
700 1252 822 1311 tautam
851 1247 957 1310 laudis
983 1245 1272 1328 praedicationem·

195 1354 282 1418 nacti
304 1359 386 1432 suut,
407 1359 450 1416 ut
464 1354 665 1435 comparandi
686 1374 754 1418 cum
776 1352 941 1419 Ciceronis
953 1351 1138 1417 .rhetoricis
1159 1350 1256 1416 libris

196 1457 393 1520 viderentur.
426 1459 534 1540 Neque
564 1458 659 1521 etiam
685 1459 720 1522 in
747 1458 909 1522 succincta
936 1476 974 1521 ac
1005 1457 1133 1520 concisa
1161 1474 1256 1538 prae-

197 1569 359 1647 ceptorum
381 1564 590 1646 expositione,
607 1570 662 1629 aut
681 1565 717 1628 in
738 1565 838 1646 ipsius
851 1565 1089 1647 praeceptionis
1100 1564 1256 1643 novitate,

196 1670 338 1734 utilitate
366 1671 505 1734 similive
539 1672 817 1736 commendationis
848 1672 943 1735 laude
979 1671 1162 1754 quaerenda
1188 1676 1257 1747 est;

195 1777 314 1841 nemini
336 1778 428 1856 enim
449 1778 478 1841 si
499 1797 519 1841 a
539 1779 635 1842 medii
656 1779 731 1842 aeri
751 1778 935 1861 ingeniolis,
958 1774 1144 1859 pulchriora
1163 1778 1255 1841 iasti-

197 1883 368 1963 dientilus‚
395 1884 542 1947 discedas
565 1883 601 1966 ³),
629 1885 677 1949 sic
702 1887 893 1968 placuerrmt
912 1884 1000 1965 libri,
1026 1890 1061 1947 ut
1091 1884 1255 1966 quisquam

73 2076 80 2089 ἱ
195 1990 404 2055 admiratione
426 1997 603 2073 commotus,
625 2011 733 2057 eorum
753 1992 963 2077 patrocinium
991 1996 1121 2073 putetur
1148 2010 1255 2055 susce-

195 2099 292 2181 pisse.
325 2098 430 2161 ltlulto
451 2101 554 2183 magis
576 2120 645 2165 eam
666 2102 705 2165 ob
727 2120 853 2165 causam
873 2101 945 2164 triti
965 2104 1013 2162 tot
1032 2099 1185 2180 manibus,
1205 2104 1256 2163 tot

196 2204 331 2287 subjecti
348 2204 487 2286 judiciis,
514 2213 675 2271 tantarum
702 2208 934 2272 dissensionum
960 2227 998 2271 ac
1026 2206 1256 2271 discordiarum

196 2318 344 2376 auctores
365 2312 466 2375 fuisse
488 2313 647 2392 videntur,
669 2315 815 2396 quoniam
842 2314 937 2378 titulo
966 2333 1004 2378 ac
1031 2313 1137 2397 specie
1165 2312 1256 2378 Cice-

194 2419 284 2484 ronis
305 2418 460 2481 familiam
479 2420 563 2482 mole
585 2419 726 2484 credulis
740 2420 956 2503 imperitisque
973 2419 1152 2485 hominibus
1168 2439 1256 2485 meu·

229 2606 255 2685 ¹)
275 2604 374 2747 grues.
382 2604 558 2748 lfomsmppt.
580 2606 610 2666 iu
631 2604 810 2748 hoshlibros.
831 2605 940 2669 Venet
963 2605 1051 2669 1583.
1072 2606 1118 2668 Ci.
1135 2606 1254 2669 Oudon·

228 2771 253 2849 9)
275 2707 373 2829 Pieriis.
394 2706 480 2829 lidia
494 2790 523 2850 p.
532 2688 824 2851 oparpnoqis,.ipppitp
826 2709 887 2853 ἵξῃ
885 2732 913 2845 11,
940 2778 1005 2834 toto
1025 2792 1078 2833 oro
1098 2771 1254 2834 rhetorico

278 2852 324 2913 od
342 2871 415 2912 usus
436 2852 616 2914 docentium
636 2853 764 2914 breviter
784 2861 815 2915 et
840 2853 987 2915 subtiliter
1016 2855 1173 2935 descripto
1199 2863 1254 2926 ert,

279 2941 406 3016 nummata
421 2942 588 3015 praetereo
616 2937 658 3001 ad
682 2937 854 2998 docendum
881 2937 1002 3019 quidem
1030 2944 1061 2998 et
1086 2939 1131 2999 ool
1158 2945 1255 2999 ortem

276 3020 445 3078 universam
467 3019 721 3096 cognoscendam,
739 3021 847 3080 ceteris
868 3021 1167 3082 accommodatiores.
1207 3019 1254 3081 ct

275 3098 396 3161 Weizel
417 3099 478 3160 Cic
498 3099 601 3162 Rhett.
622 3101 714 3183 Mino.
736 3100 804 3162 Vol.
826 3100 846 3161 1.
868 3122 896 3182 p.
920 3101 967 3164 16.
991 3102 1038 3163 17.

156 3196 171 3225 ⁴
227 3176 254 3258 ⁸)
275 3179 419 3261 Magnum
440 3180 544 3243 horum
565 3182 706 3245 librorum
728 3183 827 3245 medio
849 3204 924 3246 aevo
951 3205 1039 3246 usum
1068 3204 1105 3246 ac
1131 3183 1254 3246 celebri-

276 3268 369 3324 tatem
389 3262 495 3330 luisse,
516 3270 644 3327 testatur
669 3271 731 3326 tum
758 3268 903 3327 immensa
925 3267 1126 3348 exemplorum
1151 3286 1253 3327 mauu-

275 3348 453 3487 ppripqpmm
462 3349 570 3487 lpopio,
592 3348 1010 3491 tumLiuiicetaintgrpolqtio.
1040 3348 1125 3491 ἴ(1ιῖ
1145 3348 1252 3493 porhic

275 3446 370 3569 Bicsil.
394 3447 469 3569 pgn
480 3449 1113 3593 :uclrpgppporpnpmptpqemrqeppwqrfiqnq
1127 3453 1164 3575 {t
1184 3452 1254 3574 tini:

272 3610 387 3670 porum
406 3592 479 3652 citio
502 3593 609 3656 Cicero
639 3596 670 3653 io
698 3593 782 3655 disce
807 3593 1040 3656 Rhetoricoram
1068 3597 1112 3659 ad
1137 3597 1253 3657 Herco-

277 3674 359 3734 oium
380 3672 464 3735 libris
485 3696 505 3734 o
526 3695 559 3736 cc
578 3679 647 3754 ipso
667 3674 813 3737 hactemus
828 3697 890 3757 per
916 3679 1043 3740 mendae
1071 3681 1116 3740 ito
1142 3681 1252 3739 centnm

275 3755 401 3817 obiitin
422 3756 651 3837 deformitatem,
672 3759 726 3819 mlo
737 3762 807 3842 jam
828 3766 863 3820 ot
882 3780 1005 3822 auorum
1020 3760 1179 3843 plerisque
1199 3780 1253 3840 op·

270 3846 425 3901 noceatur.
472 3838 520 3901 De
559 3840 785 3921 interpolatione
820 3841 880 3909 vid.
910 3842 1031 3906 Wetzel
1058 3843 1120 3905 Cic.
1146 3842 1252 3906 Rhctt.

273 3919 366 3983 Minu.
387 3919 409 3982 l.
430 3940 459 4003 p.
480 3921 510 3984 3.
531 3923 582 4003 qui
602 3921 774 3986 Schutzium
795 3923 881 4006 plura
901 3932 1087 3990 resecantem
1108 3930 1200 3989 notat
