2692 4666
139 470 335 551 proscidisse
354 470 549 554 versibus2).
570 477 748 557 Propterea
768 474 888 541 (irssso
906 477 1015 543 ulnus
1034 478 1197 547 emiliam

141 579 212 658 fuit,
234 581 316 661 quod
338 580 506 662 exagitare
527 581 719 646 Scaevolam
739 602 901 666 augonem,
921 586 1060 651 micon
1088 586 1197 666 (irusl,

140 688 265 750 solebat
288 684 326 767 ²).
369 689 475 764 Quill
505 690 534 753 sl
561 692 601 755 ob
628 692 760 756 candem
781 710 908 755 causam
929 693 1097 759 Lucilium
1116 690 1196 761 Asis

141 795 342 874 displicuisse
363 797 511 877 dicamus,
526 799 579 881 qni
596 799 697 862 cidem
713 799 891 864 Scaevolae
907 799 1088 865 familiaris
1101 800 1194 883 initi).

136 903 245 984 Neque
267 923 345 967 vero
367 904 634 985 dissimulandum,
656 906 694 968 de
716 905 876 969 industria
897 926 935 970 eo
957 926 1070 989 versu,
1091 908 1128 975 ἰι
1144 928 1194 995 μ

136 1009 205 1091 ipse
227 1011 452 1088 nominaretur,
472 1013 519 1076 nti
540 1013 684 1076 voluisse
706 1012 839 1093 Aelium,
862 1014 1009 1095 quoniam
1031 1035 1127 1099 quum
1151 1034 1193 1081 re·

136 1116 392 1199 prehendendam
418 1120 550 1183 duceret
576 1120 735 1184 assiduam
755 1120 875 1184 Lucilii
904 1121 939 1185 in
965 1123 1083 1187 verbis
1114 1120 1193 1205 trsji·

139 1224 262 1288 ciendis
290 1227 557 1304 consuetudinem,
584 1227 802 1291 intolerabilis
830 1227 891 1291 sibi
920 1244 1058 1308 prorsus
1085 1228 1193 1317 ilicis

135 1333 262 1395 nomine
285 1352 341 1394 suo
363 1332 500 1395 ridicule
522 1331 708 1411 disjiciendo
730 1333 907 1396 videretur.
1223 1326 1227 1337 ’

199 1439 375 1503 Videndum
397 1457 503 1520 porro,
525 1440 598 1521 quid
621 1440 801 1505 existimari
823 1446 971 1522 oporteat
999 1440 1043 1507 tle
1073 1442 1190 1508 (iieers⁸

136 1545 188 1608 nis
209 1544 401 1609 Rhetoricis.
421 1548 500 1609 lure
521 1547 653 1609 miratos
675 1547 763 1608 viros
785 1546 985 1611 doctissimus
1006 1547 1189 1630 negotiosos,

138 1658 259 1716 tantam
279 1653 468 1739 inutraque
490 1654 715 1737 praeceptione
736 1652 898 1719 rhetorica
926 1672 1038 1719 rerum
1066 1674 1186 1741 aesm-

134 1759 305 1824 tentiarunr
326 1760 563 1825 similitudinem
582 1760 733 1839 inveniri,
753 1766 789 1824 ut
802 1762 873 1825 fere
893 1746 1189 1849 pudeatuffirn'sre

138 1874 313 1949 praecepte
342 1886 400 1931 sua
434 1869 622 1935 ciceronem
651 1870 731 1932 adeo
766 1868 920 1932 servilem
951 1868 988 1933 iu
1014 1870 1141 1935 modun
1156 1884 1194 1935 ox

137 1975 254 2038 alienis
274 1977 418 2041 fontibus
440 1977 651 2040 desumsissei
681 1977 770 2052 Quod
793 1975 854 2038 etsi
874 1975 976 2057 ipsum
997 1994 1113 2058 purum
1132 1994 1195 2041 ore·

136 2083 235 2148 dibile
258 2084 309 2159 sit,
329 2086 428 2147 multo
449 2090 555 2147 tamen
576 2085 613 2146 iit
634 2083 803 2149 absurdius
829 2082 1066 2165 reputantibus,
1091 2104 1111 2149 e
1135 2102 1196 2149 ns·

137 2191 234 2272 gistri
260 2190 355 2256 libris
382 2189 462 2254 haee
497 2192 650 2273 pleraque
686 2190 872 2272 discipulum
912 2190 1135 2271 arcessivisse,
1160 2208 1196 2255 ue

137 2298 331 2362 verbotenus
359 2299 486 2381 saepius
514 2298 732 2380 descripsisse.
774 2298 1003 2361 Difficultetem
1029 2296 1123 2379 hujus
1149 2297 1199 2361 rei

137 2407 264 2470 minime
276 2407 566 2489 praeterviderunt,
584 2407 766 2488 quicumque
787 2403 870 2467 hane
891 2404 1071 2486 attigerunt
1088 2422 1197 2491 quaes-

141 2514 275 2589 tioncm3
297 2514 396 2576 aliter
416 2519 521 2575 eutem
542 2513 600 2575 olii
621 2530 691 2575 eam
711 2511 864 2594 expedire
888 2511 1080 2577 studuerunt
1095 2507 1135 2593 ⁴).
1152 2509 1198 2575 Ae

174 2669 199 2748 ¹)
222 2666 267 2727 cf.
289 2666 405 2727 Dousa.
432 2667 542 2728 Annot.
573 2665 612 2727 ad
638 2663 734 2728 Lucil.
760 2665 878 2748 Fragm.
905 2665 968 2728 init.
996 2662 1098 2745 Bayle
1123 2663 1201 2728 uret

216 2769 290 2811 voce
311 2749 458 2812 Lucilios.

166 2834 195 2911 ²)
216 2832 264 2894 De
286 2832 369 2895 Oret.
391 2831 412 2893 l.
437 2832 483 2894 16.

168 2917 192 2996 ⁸)
214 2915 284 2977 Vid.
304 2937 396 2997 supra
416 2936 443 2996 p.
466 2915 516 2978 37.

165 2996 194 3079 i)
215 3000 367 3061 llliremnr
388 3019 470 3070 sane,
481 3003 624 3083 jomenem
646 2997 739 3059 tontis
760 3004 878 3077 tamque
898 2992 1064 3056 illustribus
1086 2994 1198 3077 inyesis'

213 3082 415 3160 facoltatibus
436 3084 575 3163 omenque
595 3080 748 3141 rhetorum
769 3079 912 3139 doctrino
942 3082 1127 3139 enormium
1145 3076 1196 3139 bu·

209 3167 266 3246 jas
293 3183 355 3224 non
385 3167 429 3226 ita
455 3165 535 3226 cleri
560 3165 720 3246 smc'pstoris
746 3162 879 3239 oestiyiis
908 3160 1084 3240 saepissime
1120 3161 1198 3223 odeo

221 3247 374 3318 institisse,
394 3255 429 3309 nt
450 3269 516 3309 enm
545 3248 589 3308 ad
616 3245 736 3309 verbnm
770 3250 949 3324 excerperet
977 3248 1068 3323 osque
1094 3243 1196 3325 expri-

219 3335 321 3389 meret.
348 3329 455 3411 Neque
477 3338 576 3391 tomen
596 3328 655 3391 boc
676 3334 761 3390 tante
790 3329 855 3388 nire
882 3327 1041 3405 indiynum
1067 3344 1135 3386 esse
1158 3325 1196 3386 si·

221 3411 349 3482 debitur,
370 3415 397 3472 si
417 3433 507 3494 quom
526 3415 622 3492 ponci
643 3419 706 3473 tnm
727 3411 870 3490 temporis
890 3407 960 3468 libri
990 3406 1106 3468 Latine
1140 3427 1197 3469 ser·

219 3514 305 3555 ncone
332 3494 371 3555 de
391 3493 542 3554 rhetorico
564 3501 630 3555 orte
651 3495 810 3574 coonpositi
825 3492 949 3570 piemint,
970 3491 1198 3551 meminerimus.

221 3578 299 3638 lnsle
317 3580 363 3657 fit,
392 3583 427 3637 nt
445 3585 605 3657 utromque
628 3584 781 3638 auctorem
801 3575 938 3655 inprimis
966 3575 999 3633 in
1018 3591 1122 3633 resumo
1148 3572 1197 3634 de·

215 3659 399 3741 finitionibus
419 3658 636 3720 adumbrandis
657 3666 687 3720 et
705 3660 737 3720 in
757 3655 906 3737 exemplis
926 3674 947 3717 u
962 3655 1067 3735 podiis
1097 3662 1193 3717 eruin

219 3744 359 3826 cibusque
380 3743 500 3804 Latinis
515 3743 623 3821 petitis
643 3744 751 3803 mirum
776 3741 810 3803 ist
835 3739 957 3801 modum
980 3738 1050 3817 sere
1079 3755 1194 3818 sensper

220 3829 378 3889 concinere
398 3826 560 3888 videamus.
581 3825 644 3887 rell.
665 3822 804 3906 Purguid.
830 3818 923 3885 obss
952 3818 1016 3881 om
1044 3818 1076 3881 in
1102 3816 1192 3901 Sopb.

220 3907 321 3990 Eurip.
343 3909 404 3970 Cic.
425 3928 454 3988 p.
476 3907 544 3969 307.
