2692 4666
1136 282 1181 350 'V

120 457 181 502 nus
202 456 251 502 mc
273 438 473 518 advertebat,
493 437 643 520 prudenti
671 435 806 501 exordio
840 436 1021 516 professus:
1055 429 1186 497 Dabana

122 570 236 642 otiam,
256 572 293 630 at
312 562 512 647 resripernlo
534 567 733 629 maeoticam
760 581 883 641 umore,
909 563 1097 646 dilipeutr‘as
1132 578 1206 635 ra.

119 701 245 780 petitos
265 695 371 760 libros
399 702 556 778 tauquam
583 695 689 761 lector
715 695 959 779 perpenderem.
999 695 1183 759 Laudabant

121 827 188 890 viri
209 826 384 904 consilium,
404 842 583 908 moremque
604 826 693 906 gessi
720 827 839 907 optima
863 826 1056 908 pulcerrime
1091 840 1186 908 prae·

123 959 265 1040 cipianti.
293 960 360 1022 Nec
380 936 478 1022 facile
498 976 548 1020 me
569 957 649 1021 iacti
669 957 836 1040 poenituit
878 959 958 1021 Nam
987 957 1077 1039 coepi
1099 956 1184 1018 difli-

123 1091 210 1170 dere,
249 1090 423 1171 pensitare,
457 1090 612 1168 dubitare,
646 1090 760 1153 mirari
796 1090 932 1169 omnino,
970 1094 1034 1152 tam
1068 1089 1185 1171 impru·

123 1220 237 1283 deuter
262 1238 312 1282 me
341 1221 441 1302 paulo
466 1225 541 1282 ante
580 1224 706 1300 tamque
739 1220 938 1283 confidenter
974 1219 1186 1287 existimasse.

123 1356 191 1430 Quo
213 1354 321 1432 tiebat,
342 1358 491 1434 utquam
510 1371 576 1415 non
596 1351 730 1433 amplius
751 1351 859 1415 facilis
885 1351 948 1414 mei
978 1350 1085 1432 operis
1114 1351 1185 1413 lau·

125 1484 220 1546 dator
244 1485 301 1547 sed
327 1489 475 1566 tanquam
502 1483 602 1547 alieni
632 1484 766 1547 acerbus
789 1481 891 1564 judex
912 1484 1119 1562 exstitissem,
1145 1483 1181 1545 in

122 1617 224 1677 multa
244 1615 326 1677 vitia
355 1615 537 1692 inciderem,
568 1633 647 1696 quae
674 1617 827 1695 ingerant
854 1616 1062 1679 festinantius
1089 1614 1186 1679 confi·

122 1746 267 1809 cientem.
302 1748 380 1808 Post
401 1746 509 1808 literis
538 1745 578 1808 ad
608 1743 773 1823 (deeidam,
793 1748 831 1811 V.
854 1746 911 1826 cl,
933 1746 1025 1828 detis,
1057 1746 1119 1810 boc
1145 1746 1185 1837 ab

122 1876 348 1940 bmnanissimo
370 1876 441 1937 viro
463 1874 620 1957 flagitavi,
640 1883 676 1939 ut
703 1879 760 1942 sub
791 1878 915 1961 ingenii
941 1899 1072 1943 acumen
1098 1881 1187 1943 luen·

125 2007 306 2072 brationem
326 2025 426 2069 meam
448 1992 592 2077 vocaret
633 2007 784 2083 Quamvis
806 2009 880 2071 aliis
902 2009 1065 2071 districtus
1089 2028 1188 2092 nego·
1270 2058 1273 2077 ι

123 2140 190 2218 tiis,
212 2139 310 2200 otium
330 2137 407 2201 mihi
429 2157 517 2217 sarua
536 2136 677 2221 lmqltus
698 2144 757 2223 est,
777 2138 982 2220 probatisque
1004 2139 1090 2218 aliis,
1119 2139 1186 2203 alia
1246 2124 1252 2141 ²

121 2271 275 2349 correxit,
288 2272 388 2332 multa
403 2271 585 2334 accuratius
604 2269 746 2333 reddidit
767 2270 1012 2352 investiganda3
1033 2271 1185 2335 universe

119 2403 336 2485 gratissimam
356 2400 434 2465 mibi
455 2420 583 2483 operam
603 2400 867 2484 utilissimamque
888 2403 1062 2484 praestitit,
1093 2422 1186 2486 quam

119 2551 183 2595 non
203 2532 306 2593 minus
327 2535 440 2612 gratus
462 2549 610 2612 agnosco,
623 2550 714 2613 quam
728 2530 776 2595 cl.
790 2528 996 2596 Goudoeoeri
1013 2533 1049 2596 in
1072 2533 1182 2596 eadem

120 2663 304 2747 quaestione
322 2653 495 2742 judicanda
514 2665 683 2744 praeclare
705 2664 744 2726 de
769 2682 819 2726 me
841 2663 949 2727 meriti
971 2667 1182 2745 sagacitatem

119 2799 153 2857 et
172 2766 431 2858 benivolr'e'ntiam.

180 2977 248 3038 Nee
268 2992 348 3037 vero
368 2978 406 3035 tu
424 2973 586 3056 quievisti,
607 2992 708 3056 aquo
730 2974 923 3036 simillimum
944 2975 1103 3039 amicitiae
1125 2976 1180 3039 do-

118 3112 293 3170 cmnentum
311 3104 492 3186 impetravi.
513 3107 705 3186 Quamquam
724 3122 785 3168 nec
804 3105 934 3168 facilem
956 3113 989 3169 te
1016 3106 1112 3172 habui
1130 3107 1181 3188 ju-

119 3238 227 3317 dicem,
248 3258 308 3301 nec
329 3243 449 3299 temere
470 3236 705 3300 assentientem.
742 3235 830 3298 Adeo
852 3238 935 3301 enim
955 3239 1105 3320 prudenti
1118 3232 1182 3305 ''bua

118 3370 332 3452 disputatione
362 3375 624 3451 argumentorum,
652 3370 765 3452 quibus
794 3369 906 3433 beatus
929 3389 1024 3451 eram,
1047 3372 1181 3436 tentasti

117 3503 209 3565 iidem
237 3506 270 3564 et
295 3500 562 3583 probabilitatem,
583 3505 619 3563 ut
643 3501 866 3585 propemodum
892 3504 989 3564 causa
1016 3521 1065 3565 me
1099 3501 1180 3565 ceei-

117 3634 204 3697 disse
225 3633 479 3715 redeundumque
499 3631 577 3697 mihi
606 3633 648 3696 ad
677 3632 845 3714 pristinam
881 3633 1011 3696 consilii
1041 3632 1179 3713 inopiam

119 3764 347 3828 existimarem.
387 3764 459 3827 lion
478 3769 585 3826 tanen
604 3762 689 3826 istuc
713 3770 770 3827 tna
799 3764 996 3846 spectabant.
1038 3762 1178 3826 Volebas

116 3900 274 3961 attentum
300 3893 436 3957 reddere
469 3897 503 3955 et
531 3893 678 3956 secundis
706 3893 793 3957 curis
827 3891 1014 3972 religiosius
1047 3891 1178 3974 singula
