2692 4666
427 337 788 410 .„,0„

142 503 243 569 ridirs
265 504 296 566 ei
318 502 449 583 paravit
471 500 506 580 ¹).
549 501 714 564 Privatam
738 500 774 563 in
795 498 926 562 eunden
946 499 1029 562 iram
1047 493 1203 578 Apuleius

141 615 339 691 susceperat,
359 615 524 692 postquam
550 609 651 690 iprum
680 615 715 671 et
738 608 913 673 Servilium
939 605 1116 685 Glauciam,
1143 605 1203 669 in-

143 717 365 800 probissimum
384 715 550 796 bominem,
563 715 827 797 consiliorumque
848 714 976 794 socium,
997 712 1123 778 censor
1135 712 1203 778 Ge-

142 829 222 887 natu
240 841 371 887 movere
392 828 524 885 matrs
545 828 619 886 erat
641 821 696 901 ²).
711 821 778 887 Sed
797 823 896 885 multo
915 821 1026 903 magia.
1038 820 1203 885 irasceba-

129 922 206 1009 'tur‚
226 948 318 1011 quum
338 931 375 993 ¹1·
396 929 557 1011 Equitim
578 930 767 1007 Firmum
787 929 955 1011 profugum
980 945 1025 991 ex
1044 927 1202 1009 conpedi-

142 1037 203 1101 bus
222 1042 257 1099 et
275 1039 440 1118 ergastulo
461 1034 627 1116 bominem,
648 1037 701 1118 qui
723 1037 761 1098 Τ.
783 1034 923 1099 Gracchi
940 1053 979 1098 se
1005 1035 1109 1098 tllimn
1131 1031 1202 1115 jac-

142 1143 242 1221 tabat,
269 1144 451 1207 tribunatus
480 1142 600 1207 socia
625 1143 688 1206 sibi
722 1148 886 1223 expetens,
920 1147 955 1204 et
985 1143 1021 1207 in
1045 1140 1202 1206 Censoris

144 1248 272 1312 tabulas
298 1250 416 1313 reterri
443 1249 512 1328 ejus
540 1266 652 1310 nonen
683 1249 821 1329 cupiens,
846 1239 1020 1311 fortissime
1045 1248 1201 1313 resisten·

142 1360 206 1419 tem
226 1358 393 1419 Metellum
413 1354 556 1419 baberet.
598 1356 658 1418 llic
685 1355 768 1417 enim
795 1374 893 1417 censu
917 1339 1081 1436 probibuit
1100 1355 1200 1418 alieni

142 1462 279 1525 nominis
314 1462 539 1540 simulatorem,
569 1481 635 1524 non
666 1468 815 1544 oportere
849 1462 968 1542 dicens,
1000 1461 1199 1526 clarissimae

141 1567 284 1631 familiae
306 1566 434 1649 ignotas
455 1566 567 1631 sordes
588 1567 691 1632 inseri
707 1565 744 1648 ³).
766 1571 836 1644 Quo
856 1588 936 1632 voce
958 1568 993 1632 in
1013 1567 1200 1634 seditionem
1240 1550 1245 1559 ’

142 1679 253 1738 coacta
272 1674 439 1739 multitudo
464 1694 529 1738 non
556 1677 657 1738 solum
684 1678 844 1757 extemplo
870 1677 1038 1740 ltietellm
1062 1677 1199 1740 obruere

140 1781 301 1865 lapidibus
322 1788 454 1845 conatus
476 1787 534 1860 est,
555 1782 611 1846 sed
639 1783 734 1847 etiam
760 1801 835 1846 mox
863 1784 1033 1866 Equitium,
1053 1802 1074 1847 a
1093 1782 1198 1846 llario

140 1888 176 1952 in
195 1889 354 1969 publicam
374 1889 548 1952 custodiam
576 1890 709 1969 ductum,
734 1889 898 1953 convulsis
927 1889 1068 1953 carceris
1096 1891 1199 1952 clans-

141 1994 211 2075 tris,
232 1995 378 2059 libertati
398 1997 541 2059 restituit
554 1995 754 2080 bimarisque
768 1997 835 2059 suis
849 2002 998 2078 tanquam
1012 2014 1196 2079 germanam

141 2100 357 2166 Gracchorum
382 2105 505 2184 prolem
531 2124 650 2167 summa
683 2106 856 2168 animorum
890 2104 1060 2168 alacritate
1093 2110 1201 2186 porta·

141 2207 191 2271 vit
210 2205 250 2288 ll).
292 2211 485 2276 Saturninus
512 2216 617 2274 autem
643 2210 823 2290 censorem,
844 2211 898 2294 qui
918 2228 954 2273 ae
974 2211 1015 2274 od
1036 2210 1200 2276 ritondrm

140 2316 249 2398 populi
270 2318 411 2381 furorem
429 2318 464 2381 in
485 2324 585 2380 tutum
605 2322 784 2399 receperat,
807 2323 1003 2398 protractum
1023 2316 1124 2397 domo,
1152 2322 1200 2382 at·

141 2442 201 2505 quc
227 2423 262 2486 iu
290 2422 481 2506 capitolium
511 2423 734 2504 aufugientem,
768 2429 892 2487 mmata
917 2423 1119 2488 multitudine
1145 2424 1200 2490 ob-

139 2528 232 2591 sedit.
255 2531 353 2604 Quem
373 2535 478 2592 tamen
501 2530 625 2612 equites
646 2531 788 2609 Romani,
802 2530 889 2595 edita
910 2536 984 2594 ante
1006 2529 1201 2614 Capitolium

140 2632 247 2724 caede,
268 2652 343 2696 mox
364 2635 545 2699 liberorrmt
564 2636 717 2717 periculo.
760 2639 839 2700 Tum
867 2639 951 2703 idem
970 2639 1127 2719 tribunus,
1149 2657 1200 2704 as·

140 2739 251 2803 siduae
273 2740 442 2804 seditionis
468 2747 588 2821 auctor,
613 2744 840 2808 frumentarias
868 2751 901 2808 et
929 2745 1078 2827 agrarias
1107 2747 1227 2829 leges.

140 2846 238 2925 ferre,
258 2851 294 2909 ut
320 2847 539 2912 Marianorum
564 2850 698 2913 militum
728 2857 762 2913 et
788 2851 897 2933 populi
920 2852 1064 2933 'gratiam
1090 2852 1200 2916 iniret

141 2953 233 3017 Tulit
255 2973 311 3018 eas
330 2973 389 3037 per
410 2955 484 3034 vim,
510 2956 692 3039 addiditque
720 2964 850 3022 senatus
874 2956 1009 3037 juraret,
1035 2977 1081 3039 se,
1110 2958 1200 3042 quid·

138 3061 215 3142 quid
236 3062 387 3126 scivisset
405 3065 549 3145 populus,
570 3066 849 3148 conprobotruum,
869 3066 924 3148 qui
944 3072 1119 3146 recusaret,
1137 3066 1199 3132 Se-

138 3172 216 3229 natu
241 3175 434 3232 moveretur.
476 3172 622 3234 Perculsi
651 3177 762 3254 potres
793 3172 902 3255 populi
928 3179 1012 3236 metu
1037 3173 1197 3254 imarum,

138 3272 315 3351 Metellum,
345 3275 427 3338 idem
448 3283 484 3338 ut
509 3279 642 3357 faceret,
670 3278 885 3343 obsecrantes.
927 3281 1081 3344 Metellus
1107 3301 1198 3363 vcro,

136 3381 249 3457 procop
269 3378 381 3463 ‹3th
382 3383 479 3457 ανῖτὴ
498 3383 633 3460 ’etesiae
659 3383 747 3463 'exo'
775 3386 893 3466 et'los
918 3386 1014 3469 'effic
1040 3387 1198 3470 tyotpcmp,

174 3582 197 3657 ¹)
219 3581 293 3643 Sall.
313 3581 349 3643 lt
370 3580 487 3664 Jugurt.
508 3587 557 3647 to
579 3591 610 3647 ot
630 3588 678 3648 66.
699 3586 778 3649 Pice
798 3587 895 3650 Mario
916 3589 966 3651 28

175 3664 353 3746 ²)Appian.
373 3664 409 3726 B.
430 3665 494 3726 civ.
516 3665 537 3728 1.
558 3667 606 3728 28.

171 3745 449 3823 ⁸)Hinciuaitioue
470 3749 678 3830 appellatura
699 3752 836 3893 Ciefro
863 3753 969 3816 Sextio
994 3753 1045 3816 47.
1071 3753 1108 3815 ci.
1137 3773 1193 3835 pro

218 3827 321 3890 Rabir.
343 3830 423 3910 p.erd
445 3830 474 3892 7.
494 3831 567 3892 Aur.
588 3831 668 3894 Vict
689 3832 753 3897 Vir
788 3834 818 3895 ll
839 3834 888 3896 62.

171 3851 588 4053 ¹⁸)Val.Max.l..11218,
608 3913 920 3990 8,6..,.1Χ712.,
944 3918 1042 3989 lut
1136 3926 1141 3935 '
