2692 4666
417 276 809 407 ⁴--1oe---

138 507 296 590 exe-pla
314 507 395 570 scite
415 505 458 573 ab
478 505 554 571 aliis
584 507 690 571 electa
715 508 842 591 suisque
869 508 951 572 locis
979 506 1123 587 subjecta
1155 526 1206 571 es-

137 621 224 696 sent,
246 633 288 678 ea
307 632 443 679 servam
467 612 503 695 ¹).
535 617 642 692 Quare
664 615 724 679 uix
744 614 896 692 adducor,
916 622 951 678 ut
971 617 1134 680 assentiar
1152 615 1204 692 iis,

138 722 198 805 qui
219 720 390 787 Cornificio
413 721 537 786 auctori
556 721 786 799 Quintilium
812 720 987 786 Rhetorica
1014 724 1055 787 ad
1081 725 1204 787 lleren-

137 829 230 892 niam
249 828 431 893 vindicasse
453 834 616 893 censeant.

205 937 321 1000 llestat
339 936 450 1018 igitur,
469 942 505 998 ut
532 937 603 1018 quis
632 935 733 999 fuerit
760 936 966 1014 Quintiliano,
994 936 1048 1018 qui
1067 935 1205 1003 seboim

139 1042 316 1109 tradiderit
337 1043 494 1123 Ciceroni,
516 1040 728 1123 conjiciamus.
769 1045 910 1125 Namque
938 1043 1106 1124 ignorasse
1135 1063 1205 1109 eum

139 1149 296 1214 libatoria
314 1169 438 1229 nomen,
457 1149 593 1232 indeque
615 1150 777 1214 silentium
802 1149 1008 1232 repetendum
1035 1168 1115 1228 esse,
1145 1150 1205 1213 vix

140 1256 298 1322 credibile
319 1263 378 1320 est
398 1255 684 1321 considerantibus
704 1262 818 1336 autem,
838 1277 859 1321 a
880 1257 1078 1333 Quintiliano
1100 1274 1202 1337 neque

139 1364 250 1446 operis
271 1364 470 1429 Herenniani
488 1365 678 1429 mentionem
697 1367 824 1445 factam,
854 1385 955 1450 neque
986 1366 1127 1430 auctoris
1147 1384 1204 1427 no-

138 1488 215 1534 nen
234 1478 436 1535 memoratum
457 1491 529 1536 esse
552 1470 589 1552 ²),
609 1473 875 1571 verisimillimum
903 1475 1033 1538 videtur
1053 1478 1204 1550 statorem,

138 1597 264 1643 mem
283 1578 316 1643 ei
336 1579 376 1643 de
397 1580 528 1643 illorum
547 1580 703 1644 librorum
722 1580 801 1643 fatis
829 1579 997 1645 historiam
1026 1582 1106 1646 bene
1130 1598 1204 1662 cog·

138 1685 243 1749 mitam
273 1686 384 1766 fuisse,
409 1705 469 1750 nec
495 1686 629 1750 latuisse
657 1704 728 1751 erim
754 1705 865 1750 verum
893 1695 1052 1752 auctorem
1079 1686 1205 1752 Aelium

140 1792 309 1873 Stilonem,
342 1792 508 1859 Ciceronis
542 1793 668 1857 dcendi
696 1799 946 1876 praeceptorem.
995 1798 1097 1873 Quum
1123 1813 1203 1860 uero

138 1919 236 1964 unum
276 1901 414 1964 mamare
454 1900 641 1966 Ciceronem
675 1901 895 1979 admiraretur,
937 1902 1079 1964 noluisse
1121 1900 1206 1965 hunc

141 2007 248 2090 plagii
267 2027 357 2072 reum
376 2010 496 2088 facere,
514 2009 549 2072 in
570 2006 660 2088 cujus
681 2006 805 2089 culpam
827 2007 1009 2089 imprudens
1030 2007 1207 2071 incidisset.

141 2116 226 2180 llinc
246 2116 470 2197 explicandum
490 2116 632 2192 videtur,
654 2135 752 2199 quare
774 2114 1053 2179 commemorandis
1081 2116 1205 2179 lleren-

140 2223 249 2285 nianis
269 2224 373 2303 libris,
389 2224 534 2306 quanvis
553 2224 589 2287 in
603 2225 761 2287 consimili
779 2229 964 2306 argumento
983 2224 1110 2304 saepius
1131 2240 1205 2285 ver·

142 2331 462 2409 natm-abstinuerit.
481 2332 663 2395 Verebatur
685 2331 777 2411 enim,
798 2350 838 2393 ne
861 2331 933 2411 ipsa
952 2328 1204 2395 commemoratio

141 2437 275 2517 faceret,
296 2444 332 2500 ut
353 2439 437 2520 quod
457 2439 499 2502 ad
520 2438 687 2504 Ciceronis
714 2439 897 2501 memoriam
923 2438 1026 2501 minus
1053 2435 1206 2500 honorili-

145 2564 215 2609 cum
236 2546 381 2610 accidere
402 2552 520 2628 posset,
542 2550 743 2629 vulgaretur.

205 2651 458 2735 simplicissime,
479 2659 515 2716 ut
546 2655 669 2734 opinor,
696 2672 791 2736 spero
819 2654 897 2717 item
924 2672 1013 2733 vere,
1040 2651 1123 2718 hanc
1149 2651 1206 2717 dor-

141 2759 258 2842 plieem
278 2760 317 2823 de
340 2758 505 2824 Ciceronis
526 2759 709 2824 llhetoricis
731 2766 765 2823 et
793 2761 1010 2837 Quintilianeo
1042 2761 1082 2824 de
1110 2761 1206 2824 libris

141 2867 357 2931 neremimis
389 2867 519 2931 silentio
555 2867 772 2950 quaestionem
804 2869 968 2932 solvimus.
1009 2869 1128 2949 Neque,
1153 2865 1205 2929 bis

142 2975 333 3055 constitutis,
354 2975 482 3040 dubium
502 2975 638 3056 amplius
660 2976 733 3056 erit,
762 2977 803 3039 ad
825 2994 915 3058 quem
937 2973 1067 3037 circiter
1088 2991 1203 3036 anuum

142 3105 370 3133 ...k-—

180 3190 205 3272 ¹)
225 3189 304 3251 Hine
324 3189 451 3252 subinde
473 3188 574 3261 Quint.
596 3189 734 3269 exempla
754 3192 887 3270 usurpat,
910 3206 987 3267 quae
1009 3186 1037 3248 in
1059 3186 1143 3250 libris
1165 3189 1205 3257 ad

176 3326 181 3337 .
223 3271 406 3334 Herennium
427 3274 619 3354 reperiuntur.
646 3272 685 3332 V.
706 3291 731 3332 c.
753 3269 807 3331 lX.
828 3269 857 3331 3.
881 3268 943 3339 Qui
962 3278 1040 3343 suot,
1067 3273 1120 3353 qui
1136 3276 1201 3353 soe-

225 3357 303 3416 deva
328 3375 421 3436 scopu
445 3357 616 3435 reponent?
658 3353 922 3433 Cortdoyiniences
950 3353 1013 3414 rell.
1044 3354 1133 3417 Auet.
1162 3357 1201 3418 ad

224 3437 294 3498 Her.
317 3437 369 3497 lV.
392 3439 439 3500 ld.
459 3471 501 3482 -
522 3435 623 3508 Quint.
651 3437 725 3498 lbid.
754 3436 861 3498 Amori
897 3437 1056 3498 ‘cundum
1088 3447 1142 3510 est,
1177 3440 1206 3501 si

223 3528 347 3582 curetur
367 3542 406 3583 ne
426 3521 502 3603 perid
520 3521 593 3580 insit
612 3522 717 3584 omani.
739 3520 829 3581 Auct.
851 3517 863 3577 Ι
896 3562 904 3579 .
927 3519 974 3581 ld.
997 3519 1046 3582 21.

175 3604 201 3681 π)
222 3601 344 3673 Nescio,
366 3604 544 3684 quidnobis
566 3607 653 3663 canat
673 3602 755 3665 Hier.
777 3601 945 3683 Capidurus
967 3603 1006 3663 ad
1025 3602 1155 3664 Hereun.
1177 3607 1201 3667 l.

225 3685 271 3749 12.
303 3688 358 3747 Ea
383 3687 582 3747 moestotione
602 3688 807 3748 controversia
828 3687 971 3746 auredus.
1012 3682 1094 3753 „Sed
1115 3683 1203 3763 quale

222 3768 369 3848 judicium
390 3768 427 3829 de
449 3768 496 3828 his
518 3769 601 3830 libris
629 3768 780 3831 Ciceronis
808 3768 954 3836 babuerit,
982 3784 1074 3843 supra
1101 3766 1200 3826 retuli·

223 3870 308 3911 mus:
329 3871 348 3911 a
368 3849 478 3923 Quinto
499 3850 589 3912 fratre
609 3851 803 3913 admissitios
824 3850 898 3911 dixit
919 3845 1091 3929 appellari.“
1118 3845 1197 3910 Nus·

222 3952 311 4015 quam
331 3933 362 3995 id
382 3932 462 4016 apud
482 3931 696 4008 Quintilianum
716 3934 870 3997 inventae.
