2692 4666
581 369 849 487 -1007

188 541 518 626 inrumpentes
543 541 708 622 Sebutzio,
734 544 850 626 partim
879 544 918 607 ab
947 543 1070 606 llandio
1103 543 1253 623 petitam.

187 649 334 730 Goujecit
354 651 446 730 enirn,
476 669 494 713 e
521 649 699 732 Gnipbonis
729 650 840 714 schola
865 655 1029 732 utrumque
1060 655 1254 730 praecepto-

186 774 257 820 rum
278 755 420 818 ordinem
442 755 592 818 eduxisse
617 756 653 828 ¹).
687 755 786 818 Nobis
808 754 932 838 quidem
952 755 1013 818 illa
1034 754 1071 817 de
1093 757 1254 818 communi

187 863 300 927 Latini
321 861 472 926 Rhetoris
492 861 582 924 fonte
603 861 719 943 opinio,
748 882 765 924 e
797 860 884 942 cujus
911 863 1086 926 imitatione
1114 860 1254 925 duxerit

187 976 351 1052 utrumque
380 988 461 1053 opus
487 968 692 1046 rhetoricum,
714 969 776 1031 etsi
797 968 963 1050 ingeniose
986 968 1178 1050 excogitata
1200 975 1251 1033 ta-

183 1094 257 1140 men
279 1075 408 1137 videtur
428 1092 493 1137 non
513 1091 603 1136 vera
645 1073 735 1148 Quod
762 1079 850 1136 recte
878 1079 911 1136 et
938 1074 1020 1137 vidit
1040 1080 1073 1136 et
1092 1074 1252 1137 indicavit

194 1180 474 1258 Westernruunue,
489 1180 542 1263 qui
557 1197 676 1242 ornnem
692 1179 809 1242 llandii
830 1179 1055 1243 dubitationem
1077 1179 1250 1242 contrariis

188 1290 384 1373 argumentis
412 1287 565 1351 facillime
593 1287 730 1348 refutari
757 1292 851 1368 atque
880 1287 985 1350 everti
1011 1305 1104 1369 posse
1132 1286 1248 1348 existi-

187 1397 298 1462 mavit
340 1398 419 1459 Num
441 1411 531 1474 quum
551 1390 626 1454 huie
646 1410 833 1474 persuasum
856 1400 950 1474 esset,
973 1393 1156 1458 Ciceronem
1182 1412 1248 1455 non

163 1503 252 1585 iam
273 1520 412 1584 puerum,
441 1498 497 1561 sed
525 1498 758 1562 adolescentem
785 1501 904 1582 viginti
931 1501 1066 1584 quinque
1094 1517 1246 1563 annorum

188 1618 223 1676 et
244 1610 284 1673 ad
305 1609 424 1672 altiora
446 1606 551 1669 studia
577 1606 817 1685 incumbentem,
844 1609 991 1672 libellum
1019 1607 1133 1691 publici
1157 1603 1242 1686 juris

187 1719 307 1781 factum
327 1713 529 1777 nullomodo
558 1714 729 1795 compilare
757 1715 910 1796 voluisse,
939 1722 1032 1798 atque
1058 1712 1245 1778 incredibile

188 1823 364 1900 videretur,
391 1820 533 1884 inchoati
554 1820 661 1902 operis
684 1823 904 1887 auctoritatem
931 1828 1050 1886 tantam
1078 1821 1185 1899 fuisse,
1212 1828 1250 1881 ut

189 1948 230 1995 ea
264 1929 445 2007 Rhetorica,
481 1947 499 1991 e
536 1928 648 2010 quibus
681 1927 839 2012 duxisset,
873 1933 1058 1997 obscuratae
1077 1928 1250 1992 latuissent

189 2037 419 2115 Quintilianum
440 2032 477 2115 ²),
498 2037 760 2100 Westermannus
782 2038 1096 2102 animadvertendam
1125 2034 1250 2098 censuit

188 2145 314 2228 privam
334 2142 556 2226 propriamque
576 2141 742 2222 rationem,
760 2164 821 2226 qua
836 2144 949 2209 Cicero
972 2144 1087 2207 alienis
1107 2140 1250 2206 inuentis

188 2252 236 2314 uti
258 2257 352 2334 atque
373 2250 492 2331 optima
513 2267 654 2332 quaeque
677 2269 695 2312 e
717 2252 1004 2330 praestantissimis
1032 2249 1171 2313 fontibus
1193 2247 1250 2310 de-

187 2359 294 2424 libare
317 2359 447 2421 soleret
468 2358 646 2419 Praeterea
665 2356 929 2439 interpolationis
959 2357 1165 2440 suspicionem
1185 2374 1250 2417 mo-

191 2466 250 2545 uit,
271 2465 464 2546 negavitque
487 2482 555 2526 eam
576 2462 743 2527 Ciceronis
764 2463 1009 2528 lthetorieorum
1031 2462 1251 2528 celebritatem

189 2572 301 2650 fuisse,
321 2576 357 2633 ut
377 2569 503 2651 penitus
525 2568 751 2631 obscurassent
771 2570 888 2634 incerti
910 2572 1050 2635 auctoris
1070 2571 1180 2648 libros,
1207 2570 1248 2632 il-

188 2678 315 2760 liusque
336 2676 460 2740 meritis
480 2675 665 2738 nocuissent
687 2674 724 2757 ⁸).
766 2676 961 2742 Bernhardii
991 2697 1069 2742 vero
1091 2678 1251 2741 sententia

189 2786 293 2851 miuus
315 2785 411 2849 etiam
430 2782 561 2865 probari
582 2787 698 2865 potest.
744 2786 872 2848 lltenim
898 2788 1083 2867 provectior
1109 2784 1248 2847 doctoris

270 3002 330 3042 uon
356 2981 425 3042 dem
453 2975 673 3038 willleairliclteu
701 2977 855 3037 Beuutzeu
883 2979 965 3038 eiuer
1001 2978 1113 3038 dritten
1142 2971 1248 3043 Quelle

271 3063 478 3143 abpebauqeu,
499 3063 565 3122 uud
584 3062 634 3122 die
655 3060 848 3139 Aeusscruuq
875 3062 920 3121 od
944 3061 1019 3124 Her.
1050 3059 1070 3119 1
1074 3059 1107 3121 V.
1134 3057 1162 3118 7.
1191 3074 1250 3115 uou

269 3148 326 3207 der
347 3145 425 3206 uocb
447 3142 713 3227 uuyewo'bulicbeu
734 3141 929 3203 lateiniscbcu
955 3140 1167 3220 Bereiclruuuy
1193 3139 1250 3200 der

272 3228 407 3307 Fiqureu
428 3227 502 3290 bede
514 3228 698 3307 beiueswcyr
714 3225 765 3287 die
782 3225 1023 3304 Vorouesetzuuy
1042 3223 1152 3304 iryeud
1171 3224 1252 3282 ciues

272 3310 469 3371 lamoiscbcu
489 3309 667 3373 chrbueltr
688 3310 752 3388 auf.
772 3341 815 3354 -
835 3306 960 3387 Encyel.
981 3307 1088 3370 Erscb.
1109 3310 1130 3369 t.
1152 3301 1253 3365 XVll.

226 3479 249 3555 1)
272 3413 339 3535 per
358 3473 475 3536 Auctor
497 3477 541 3537 ud
559 3475 755 3545 Herennium,
776 3494 832 3535 uus
858 3471 914 3533 dur
940 3469 1150 3533 Sullauircbcu
1177 3467 1251 3534 Zeu,

277 3559 437 3637 unpeuics,
464 3557 501 3617 ob
530 3557 710 3635 Cornificius
737 3556 813 3617 oder
839 3557 887 3616 eiu
917 3553 1019 3634 piciclo
1044 3550 1252 3615 uooeuunuer

271 3641 386 3703 Auctor
407 3659 464 3699 uus
485 3636 541 3701 der
561 3637 671 3700 sobole
694 3636 851 3718 Guipbo's,
871 3637 980 3698 &secu
999 3633 1180 3699 Mitscbr'c'ler
1203 3632 1249 3693 ca·-

274 3744 346 3786 ocro
375 3724 455 3783 seiae
480 3721 717 3802 Juyeudscbrift
744 3720 824 3782 uacb
853 3720 1008 3782 dereelbeu
1037 3717 1181 3783 Morbode
1207 3714 1251 3774 be·

275 3806 427 3868 buudelte.
448 3838 487 3850 -
510 3803 636 3866 Grundr.
656 3804 686 3870 d.
708 3802 795 3869 Rem.
815 3803 908 3868 Lites.
928 3823 958 3885 p.
980 3802 1050 3866 306.

228 3889 252 3960 2)
273 3888 397 3970 Encyel.
417 3889 436 3950 l
457 3889 477 3949 l.

231 3968 256 4047 ³)
277 3970 335 4052 Op.
356 3972 376 4032 l.
397 3994 428 4056 p.
452 3971 520 4034 188.
540 3975 598 4032 not.
620 3969 668 4033 24.
