<?xml version="1.0" encoding="UTF-8"?>
<!DOCTYPE html PUBLIC "-//W3C//DTD XHTML 1.0 Transitional//EN"
    "http://www.w3.org/TR/xhtml1/DTD/xhtml1-transitional.dtd">
<html xmlns="http://www.w3.org/1999/xhtml" xml:lang="en" lang="en">
 <head>
  <title>
</title>
<meta http-equiv="Content-Type" content="text/html;charset=utf-8" />
  <meta name='ocr-system' content='tesseract 3.04.00' />
  <meta name='ocr-capabilities' content='ocr_page ocr_carea ocr_par ocr_line ocrx_word'/>
</head>
<body>
  <div class='ocr_page' id='page_1' title='image "./disquisitiodela00claugoog_0097.png"; bbox 0 0 2692 4666; ppageno 0'>
   <div class='ocr_carea' id='block_1_1' title="bbox 529 313 846 383">
    <p class='ocr_par' dir='ltr' id='par_1_1' title="bbox 529 313 846 383">
     <span class='ocr_line' id='line_1_1' title="bbox 529 313 846 383; baseline 0 -38"><span class='ocrx_word' id='word_1_1' title='bbox 529 313 846 383; x_wconf 65' lang='lat'><strong>.‚,„,„,</strong></span> 
     </span>
    </p>
   </div>
   <div class='ocr_carea' id='block_1_2' title="bbox 186 486 1262 3321">
    <p class='ocr_par' dir='ltr' id='par_1_2' title="bbox 186 486 1262 997">
     <span class='ocr_line' id='line_1_2' title="bbox 277 486 1262 567; baseline -0.001 -20"><span class='ocrx_word' id='word_1_2' title='bbox 277 487 478 549; x_wconf 87' lang='lat' dir='ltr'><strong>referendum</strong></span> <span class='ocrx_word' id='word_1_3' title='bbox 508 488 644 550; x_wconf 88' lang='lat' dir='ltr'><strong>videtur.</strong></span> <span class='ocrx_word' id='word_1_4' title='bbox 686 489 767 552; x_wconf 88' lang='lat' dir='ltr'><strong>Nom</strong></span> <span class='ocrx_word' id='word_1_5' title='bbox 799 506 868 551; x_wconf 79' lang='lat' dir='ltr'><strong>etun</strong></span> <span class='ocrx_word' id='word_1_6' title='bbox 897 486 1023 553; x_wconf 79' lang='lat' dir='ltr'><strong>Cloatio</strong></span> <span class='ocrx_word' id='word_1_7' title='bbox 1050 488 1137 550; x_wconf 88' lang='lat' dir='ltr'><strong>Vero</strong></span> <span class='ocrx_word' id='word_1_8' title='bbox 1174 486 1262 567; x_wconf 87' lang='lat' dir='ltr'><strong>apud</strong></span> 
     </span>
     <span class='ocr_line' id='line_1_3' title="bbox 186 592 1261 677; baseline 0 -22"><span class='ocrx_word' id='word_1_9' title='bbox 186 664 189 669; x_wconf 26' lang='lat'><strong>¹</strong></span> <span class='ocrx_word' id='word_1_10' title='bbox 277 594 406 656; x_wconf 81' lang='lat' dir='ltr'><strong>Festum</strong></span> <span class='ocrx_word' id='word_1_11' title='bbox 428 593 576 677; x_wconf 84' lang='lat' dir='ltr'><strong>conjungi</strong></span> <span class='ocrx_word' id='word_1_12' title='bbox 604 597 689 658; x_wconf 93' lang='lat' dir='ltr'><strong>solet</strong></span> <span class='ocrx_word' id='word_1_13' title='bbox 716 595 828 657; x_wconf 84' lang='lat' dir='ltr'><strong>Aelius</strong></span> <span class='ocrx_word' id='word_1_14' title='bbox 855 594 948 673; x_wconf 92' lang='lat' dir='ltr'><strong>Stilo,</strong></span> <span class='ocrx_word' id='word_1_15' title='bbox 977 600 1012 656; x_wconf 88' lang='lat' dir='ltr'><strong>ut</strong></span> <span class='ocrx_word' id='word_1_16' title='bbox 1038 613 1135 674; x_wconf 81' lang='lat' dir='ltr'><strong>saepe</strong></span> <span class='ocrx_word' id='word_1_17' title='bbox 1161 592 1261 657; x_wconf 91' lang='lat' dir='ltr'><strong>nobis</strong></span> 
     </span>
     <span class='ocr_line' id='line_1_4' title="bbox 276 700 738 781; baseline 0.002 -19"><span class='ocrx_word' id='word_1_18' title='bbox 276 700 389 781; x_wconf 88' lang='lat' dir='ltr'><strong>patuit.</strong></span> <span class='ocrx_word' id='word_1_19' title='bbox 422 701 470 767; x_wconf 77' lang='lat' dir='ltr'><strong>Of.</strong></span> <span class='ocrx_word' id='word_1_20' title='bbox 492 702 577 766; x_wconf 78' lang='lat' dir='ltr'><strong>Scal.</strong></span> <span class='ocrx_word' id='word_1_21' title='bbox 600 701 693 764; x_wconf 88' lang='lat' dir='ltr'><strong>adh.</strong></span> <span class='ocrx_word' id='word_1_22' title='bbox 714 703 738 763; x_wconf 90' lang='lat' dir='ltr'><strong>l.</strong></span> 
     </span>
     <span class='ocr_line' id='line_1_5' title="bbox 671 809 771 871; baseline -0.02 0"><span class='ocrx_word' id='word_1_23' title='bbox 671 809 771 871; x_wconf 89' lang='lat' dir='ltr'><strong>XVll.</strong></span> 
     </span>
     <span class='ocr_line' id='line_1_6' title="bbox 192 907 943 997; baseline -0.001 -23"><span class='ocrx_word' id='word_1_24' title='bbox 192 907 402 976; x_wconf 69' lang='lat' dir='ltr'><strong>sonitans</strong></span> <span class='ocrx_word' id='word_1_25' title='bbox 422 912 462 978; x_wconf 90' lang='lat' dir='ltr'><strong>de</strong></span> <span class='ocrx_word' id='word_1_26' title='bbox 483 912 617 997; x_wconf 76' lang='lat' dir='ltr'><strong>Ortbop.</strong></span> <span class='ocrx_word' id='word_1_27' title='bbox 639 932 671 995; x_wconf 86' lang='lat' dir='ltr'><strong>p.</strong></span> <span class='ocrx_word' id='word_1_28' title='bbox 695 918 784 976; x_wconf 84' lang='lat'><strong>2255.</strong></span> <span class='ocrx_word' id='word_1_29' title='bbox 805 909 943 977; x_wconf 82' lang='lat' dir='ltr'><strong>Patsob.</strong></span> 
     </span>
    </p>

    <p class='ocr_par' dir='ltr' id='par_1_3' title="bbox 191 1019 1260 1645">
     <span class='ocr_line' id='line_1_7' title="bbox 255 1019 1260 1102; baseline 0.002 -22"><span class='ocrx_word' id='word_1_30' title='bbox 255 1019 392 1083; x_wconf 79' lang='lat' dir='ltr'><strong>Primnum</strong></span> <span class='ocrx_word' id='word_1_31' title='bbox 413 1020 513 1102; x_wconf 84' lang='lat' dir='ltr'><strong>igitur</strong></span> <span class='ocrx_word' id='word_1_32' title='bbox 533 1041 592 1102; x_wconf 91' lang='lat' dir='ltr'><strong>per</strong></span> <span class='ocrx_word' id='word_1_33' title='bbox 620 1020 826 1101; x_wconf 88' lang='lat' dir='ltr'><strong>adjectionem</strong></span> <span class='ocrx_word' id='word_1_34' title='bbox 848 1019 908 1083; x_wconf 87' lang='lat' dir='ltr'><strong>illa</strong></span> <span class='ocrx_word' id='word_1_35' title='bbox 934 1019 1085 1081; x_wconf 89' lang='lat' dir='ltr'><strong>videntur</strong></span> <span class='ocrx_word' id='word_1_36' title='bbox 1112 1038 1184 1081; x_wconf 92' lang='lat' dir='ltr'><strong>esse</strong></span> <span class='ocrx_word' id='word_1_37' title='bbox 1209 1020 1260 1082; x_wconf 91' lang='lat' dir='ltr'><strong>vi-</strong></span> 
     </span>
     <span class='ocr_line' id='line_1_8' title="bbox 193 1125 1257 1210; baseline 0.001 -23"><span class='ocrx_word' id='word_1_38' title='bbox 193 1125 285 1204; x_wconf 86' lang='lat' dir='ltr'><strong>tiosa,</strong></span> <span class='ocrx_word' id='word_1_39' title='bbox 309 1128 389 1207; x_wconf 90' lang='lat' dir='ltr'><strong>quod</strong></span> <span class='ocrx_word' id='word_1_40' title='bbox 410 1128 524 1190; x_wconf 83' lang='lat' dir='ltr'><strong>Accius</strong></span> <span class='ocrx_word' id='word_1_41' title='bbox 546 1128 715 1210; x_wconf 84' lang='lat' dir='ltr'><strong>geminatis</strong></span> <span class='ocrx_word' id='word_1_42' title='bbox 739 1127 904 1190; x_wconf 88' lang='lat' dir='ltr'><strong>vocalibus</strong></span> <span class='ocrx_word' id='word_1_43' title='bbox 926 1127 1024 1189; x_wconf 87' lang='lat' dir='ltr'><strong>scribi</strong></span> <span class='ocrx_word' id='word_1_44' title='bbox 1045 1132 1161 1188; x_wconf 88' lang='lat' dir='ltr'><strong>natura</strong></span> <span class='ocrx_word' id='word_1_45' title='bbox 1183 1127 1257 1188; x_wconf 90' lang='lat' dir='ltr'><strong>lon-</strong></span> 
     </span>
     <span class='ocr_line' id='line_1_9' title="bbox 192 1231 1257 1316; baseline 0 -20"><span class='ocrx_word' id='word_1_46' title='bbox 192 1250 250 1313; x_wconf 73' lang='lat' dir='ltr'><strong>gas</strong></span> <span class='ocrx_word' id='word_1_47' title='bbox 273 1235 417 1310; x_wconf 80' lang='lat' dir='ltr'><strong>syllabas</strong></span> <span class='ocrx_word' id='word_1_48' title='bbox 439 1235 550 1312; x_wconf 81' lang='lat' dir='ltr'><strong>voluit,</strong></span> <span class='ocrx_word' id='word_1_49' title='bbox 564 1254 631 1297; x_wconf 92' lang='lat' dir='ltr'><strong>cnm</strong></span> <span class='ocrx_word' id='word_1_50' title='bbox 653 1235 773 1316; x_wconf 86' lang='lat' dir='ltr'><strong>alioqui</strong></span> <span class='ocrx_word' id='word_1_51' title='bbox 788 1231 910 1313; x_wconf 90' lang='lat' dir='ltr'><strong>adjecto</strong></span> <span class='ocrx_word' id='word_1_52' title='bbox 930 1235 985 1295; x_wconf 87' lang='lat' dir='ltr'><strong>vel</strong></span> <span class='ocrx_word' id='word_1_53' title='bbox 1006 1233 1131 1295; x_wconf 85' lang='lat' dir='ltr'><strong>sublato</strong></span> <span class='ocrx_word' id='word_1_54' title='bbox 1154 1233 1257 1314; x_wconf 82' lang='lat' dir='ltr'><strong>apice,</strong></span> 
     </span>
     <span class='ocr_line' id='line_1_10' title="bbox 192 1339 1258 1422; baseline 0.003 -22"><span class='ocrx_word' id='word_1_55' title='bbox 192 1339 403 1420; x_wconf 81' lang='lat' dir='ltr'><strong>longitudinis</strong></span> <span class='ocrx_word' id='word_1_56' title='bbox 432 1347 465 1402; x_wconf 91' lang='lat' dir='ltr'><strong>et</strong></span> <span class='ocrx_word' id='word_1_57' title='bbox 490 1341 661 1404; x_wconf 89' lang='lat' dir='ltr'><strong>brevitatis</strong></span> <span class='ocrx_word' id='word_1_58' title='bbox 690 1348 768 1403; x_wconf 89' lang='lat' dir='ltr'><strong>nota</strong></span> <span class='ocrx_word' id='word_1_59' title='bbox 799 1346 908 1422; x_wconf 90' lang='lat' dir='ltr'><strong>posset</strong></span> <span class='ocrx_word' id='word_1_60' title='bbox 936 1340 1070 1402; x_wconf 88' lang='lat' dir='ltr'><strong>ostendi.</strong></span> <span class='ocrx_word' id='word_1_61' title='bbox 1092 1375 1133 1384; x_wconf 94' lang='lat'>—</span> <span class='ocrx_word' id='word_1_62' title='bbox 1155 1341 1258 1414; x_wconf 79' lang='lat' dir='ltr'><strong>Quam</strong></span> 
     </span>
     <span class='ocr_line' id='line_1_11' title="bbox 192 1446 1258 1529; baseline 0 -20"><span class='ocrx_word' id='word_1_63' title='bbox 192 1446 438 1510; x_wconf 82' lang='lat' dir='ltr'><strong>inconstantiam</strong></span> <span class='ocrx_word' id='word_1_64' title='bbox 458 1448 562 1510; x_wconf 89' lang='lat' dir='ltr'><strong>Varro</strong></span> <span class='ocrx_word' id='word_1_65' title='bbox 585 1467 734 1529; x_wconf 82' lang='lat' dir='ltr'><strong>arguens,</strong></span> <span class='ocrx_word' id='word_1_66' title='bbox 755 1449 789 1510; x_wconf 90' lang='lat' dir='ltr'><strong>in</strong></span> <span class='ocrx_word' id='word_1_67' title='bbox 811 1450 943 1511; x_wconf 92' lang='lat' dir='ltr'><strong>eundem</strong></span> <span class='ocrx_word' id='word_1_68' title='bbox 964 1465 1106 1511; x_wconf 90' lang='lat' dir='ltr'><strong>errorem</strong></span> <span class='ocrx_word' id='word_1_69' title='bbox 1122 1446 1258 1509; x_wconf 87' lang='lat' dir='ltr'><strong>diversa</strong></span> 
     </span>
     <span class='ocr_line' id='line_1_12' title="bbox 191 1552 974 1645; baseline -0.001 -30"><span class='ocrx_word' id='word_1_70' title='bbox 191 1552 248 1616; x_wconf 85' lang='lat' dir='ltr'><strong>via</strong></span> <span class='ocrx_word' id='word_1_71' title='bbox 269 1552 438 1616; x_wconf 89' lang='lat' dir='ltr'><strong>delabitur.</strong></span> <span class='ocrx_word' id='word_1_72' title='bbox 679 1638 682 1645; x_wconf 21' lang='grc' dir='ltr'>Ι</span> <span class='ocrx_word' id='word_1_73' title='bbox 971 1638 974 1643; x_wconf 22' lang='lat'><strong><em>¹</em></strong></span> 
     </span>
    </p>

    <p class='ocr_par' dir='ltr' id='par_1_4' title="bbox 271 1648 1256 3321">
     <span class='ocr_line' id='line_1_13' title="bbox 272 1648 1256 1743; baseline 0 -21"><span class='ocrx_word' id='word_1_74' title='bbox 272 1657 425 1722; x_wconf 87' lang='lat' dir='ltr'><strong>Bartbins</strong></span> <span class='ocrx_word' id='word_1_75' title='bbox 446 1661 581 1724; x_wconf 86' lang='lat' dir='ltr'><strong>Advers.</strong></span> <span class='ocrx_word' id='word_1_76' title='bbox 595 1663 711 1724; x_wconf 84' lang='lat' dir='ltr'><strong>XXIV.</strong></span> <span class='ocrx_word' id='word_1_77' title='bbox 723 1667 752 1725; x_wconf 84' lang='lat'><strong>5.</strong></span> <span class='ocrx_word' id='word_1_78' title='bbox 765 1684 794 1743; x_wconf 88' lang='lat' dir='ltr'><strong>p.</strong></span> <span class='ocrx_word' id='word_1_79' title='bbox 816 1667 898 1725; x_wconf 75' lang='lat'>1289</span> <span class='ocrx_word' id='word_1_80' title='bbox 919 1661 1010 1723; x_wconf 89' lang='lat' dir='ltr'><strong>dicit:</strong></span> <span class='ocrx_word' id='word_1_81' title='bbox 1031 1648 1159 1741; x_wconf 78' lang='lat' dir='ltr'><strong>„Aelius</strong></span> <span class='ocrx_word' id='word_1_82' title='bbox 1182 1659 1256 1722; x_wconf 87' lang='lat' dir='ltr'><strong>sive</strong></span> 
     </span>
     <span class='ocr_line' id='line_1_14' title="bbox 275 1766 1256 1852; baseline -0.001 -22"><span class='ocrx_word' id='word_1_83' title='bbox 275 1766 368 1845; x_wconf 85' lang='lat' dir='ltr'><strong>Stilo,</strong></span> <span class='ocrx_word' id='word_1_84' title='bbox 390 1768 461 1829; x_wconf 87' lang='lat' dir='ltr'><strong>sive</strong></span> <span class='ocrx_word' id='word_1_85' title='bbox 483 1769 584 1848; x_wconf 84' lang='lat' dir='ltr'><strong>Stolo,</strong></span> <span class='ocrx_word' id='word_1_86' title='bbox 606 1771 649 1831; x_wconf 87' lang='grc' dir='ltr'><strong>Μ.</strong></span> <span class='ocrx_word' id='word_1_87' title='bbox 677 1770 833 1833; x_wconf 85' lang='lat' dir='ltr'><strong>Varronis</strong></span> <span class='ocrx_word' id='word_1_88' title='bbox 860 1775 1050 1852; x_wconf 90' lang='lat' dir='ltr'><strong>praeceptor</strong></span> <span class='ocrx_word' id='word_1_89' title='bbox 1077 1767 1256 1846; x_wconf 77' lang='lat' dir='ltr'><strong>literatius,</strong></span> 
     </span>
     <span class='ocr_line' id='line_1_15' title="bbox 274 1873 1256 1959; baseline 0.003 -25"><span class='ocrx_word' id='word_1_90' title='bbox 274 1873 313 1937; x_wconf 88' lang='lat' dir='ltr'><strong>ab</strong></span> <span class='ocrx_word' id='word_1_91' title='bbox 336 1892 373 1934; x_wconf 92' lang='lat' dir='ltr'><strong>eo</strong></span> <span class='ocrx_word' id='word_1_92' title='bbox 394 1874 464 1953; x_wconf 91' lang='lat' dir='ltr'><strong>ipso</strong></span> <span class='ocrx_word' id='word_1_93' title='bbox 487 1875 642 1957; x_wconf 88' lang='lat' dir='ltr'><strong>discipulo</strong></span> <span class='ocrx_word' id='word_1_94' title='bbox 665 1896 730 1956; x_wconf 91' lang='lat' dir='ltr'><strong>sno,</strong></span> <span class='ocrx_word' id='word_1_95' title='bbox 753 1896 812 1959; x_wconf 83' lang='lat' dir='ltr'><strong>quo</strong></span> <span class='ocrx_word' id='word_1_96' title='bbox 835 1877 1007 1938; x_wconf 79' lang='lat' dir='ltr'><strong>doctiorem</strong></span> <span class='ocrx_word' id='word_1_97' title='bbox 1035 1893 1090 1937; x_wconf 88' lang='lat' dir='ltr'><strong>res</strong></span> <span class='ocrx_word' id='word_1_98' title='bbox 1111 1875 1256 1937; x_wconf 83' lang='lat' dir='ltr'><strong>Romana</strong></span> 
     </span>
     <span class='ocr_line' id='line_1_16' title="bbox 272 1979 1254 2065; baseline 0.002 -24"><span class='ocrx_word' id='word_1_99' title='bbox 272 1979 385 2042; x_wconf 89' lang='lat' dir='ltr'><strong>babuit</strong></span> <span class='ocrx_word' id='word_1_100' title='bbox 403 1981 568 2060; x_wconf 80' lang='lat' dir='ltr'><strong>neminem,</strong></span> <span class='ocrx_word' id='word_1_101' title='bbox 595 1982 691 2047; x_wconf 88' lang='lat' dir='ltr'><strong>rebus</strong></span> <span class='ocrx_word' id='word_1_102' title='bbox 721 1984 866 2065; x_wconf 79' lang='lat' dir='ltr'><strong>plurimis</strong></span> <span class='ocrx_word' id='word_1_103' title='bbox 894 1988 1016 2045; x_wconf 85' lang='lat' dir='ltr'><strong>tantum</strong></span> <span class='ocrx_word' id='word_1_104' title='bbox 1044 1999 1108 2043; x_wconf 88' lang='lat' dir='ltr'><strong>non</strong></span> <span class='ocrx_word' id='word_1_105' title='bbox 1134 1981 1254 2045; x_wconf 86' lang='lat' dir='ltr'><strong>acerbe</strong></span> 
     </span>
     <span class='ocr_line' id='line_1_17' title="bbox 273 2085 1255 2167; baseline 0 -21"><span class='ocrx_word' id='word_1_106' title='bbox 273 2085 445 2166; x_wconf 83' lang='lat' dir='ltr'><strong>sugillatus</strong></span> <span class='ocrx_word' id='word_1_107' title='bbox 473 2085 720 2167; x_wconf 85' lang='lat' dir='ltr'><strong>deprehenditur</strong></span> <span class='ocrx_word' id='word_1_108' title='bbox 747 2087 781 2150; x_wconf 92' lang='lat' dir='ltr'><strong>in</strong></span> <span class='ocrx_word' id='word_1_109' title='bbox 809 2087 1014 2167; x_wconf 82' lang='lat' dir='ltr'><strong>lltymologia</strong></span> <span class='ocrx_word' id='word_1_110' title='bbox 1045 2104 1109 2147; x_wconf 90' lang='lat' dir='ltr'><strong>non</strong></span> <span class='ocrx_word' id='word_1_111' title='bbox 1136 2103 1255 2166; x_wconf 90' lang='lat' dir='ltr'><strong>panco-</strong></span> 
     </span>
     <span class='ocr_line' id='line_1_18' title="bbox 272 2187 1254 2271; baseline -0.002 -19"><span class='ocrx_word' id='word_1_112' title='bbox 272 2208 343 2253; x_wconf 87' lang='lat' dir='ltr'><strong>rum</strong></span> <span class='ocrx_word' id='word_1_113' title='bbox 364 2191 542 2253; x_wconf 87' lang='lat' dir='ltr'><strong>verborum.</strong></span> <span class='ocrx_word' id='word_1_114' title='bbox 565 2194 670 2267; x_wconf 76' lang='lat' dir='ltr'><strong>Quare</strong></span> <span class='ocrx_word' id='word_1_115' title='bbox 686 2210 754 2253; x_wconf 92' lang='lat' dir='ltr'><strong>cum</strong></span> <span class='ocrx_word' id='word_1_116' title='bbox 770 2192 909 2255; x_wconf 91' lang='lat' dir='ltr'><strong>Scaurus</strong></span> <span class='ocrx_word' id='word_1_117' title='bbox 930 2191 963 2252; x_wconf 93' lang='lat' dir='ltr'><strong>in</strong></span> <span class='ocrx_word' id='word_1_118' title='bbox 985 2191 1040 2252; x_wconf 92' lang='lat' dir='ltr'><strong>lib.</strong></span> <span class='ocrx_word' id='word_1_119' title='bbox 1063 2191 1101 2252; x_wconf 89' lang='lat' dir='ltr'><strong>de</strong></span> <span class='ocrx_word' id='word_1_120' title='bbox 1118 2187 1254 2271; x_wconf 80' lang='lat' dir='ltr'><strong>Orthog.</strong></span> 
     </span>
     <span class='ocr_line' id='line_1_19' title="bbox 274 2295 1254 2379; baseline -0.001 -20"><span class='ocrx_word' id='word_1_121' title='bbox 274 2296 415 2360; x_wconf 88' lang='lat' dir='ltr'><strong>nominet</strong></span> <span class='ocrx_word' id='word_1_122' title='bbox 434 2297 571 2377; x_wconf 83' lang='lat' dir='ltr'><strong>Accium,</strong></span> <span class='ocrx_word' id='word_1_123' title='bbox 593 2299 646 2379; x_wconf 87' lang='lat' dir='ltr'><strong>qui</strong></span> <span class='ocrx_word' id='word_1_124' title='bbox 668 2298 809 2361; x_wconf 89' lang='lat' dir='ltr'><strong>voluerit</strong></span> <span class='ocrx_word' id='word_1_125' title='bbox 837 2298 981 2373; x_wconf 89' lang='lat' dir='ltr'><strong>syllabas</strong></span> <span class='ocrx_word' id='word_1_126' title='bbox 1004 2297 1123 2359; x_wconf 87' lang='lat' dir='ltr'><strong>duabus</strong></span> <span class='ocrx_word' id='word_1_127' title='bbox 1144 2295 1254 2358; x_wconf 88' lang='lat' dir='ltr'><strong>literis</strong></span> 
     </span>
     <span class='ocr_line' id='line_1_20' title="bbox 276 2394 1254 2484; baseline -0.001 -19"><span class='ocrx_word' id='word_1_128' title='bbox 276 2403 383 2482; x_wconf 86' lang='lat' dir='ltr'><strong>scribi,</strong></span> <span class='ocrx_word' id='word_1_129' title='bbox 404 2422 484 2484; x_wconf 89' lang='lat' dir='ltr'><strong>qnae</strong></span> <span class='ocrx_word' id='word_1_130' title='bbox 505 2410 622 2465; x_wconf 87' lang='lat' dir='ltr'><strong>natura</strong></span> <span class='ocrx_word' id='word_1_131' title='bbox 643 2403 708 2465; x_wconf 90' lang='lat' dir='ltr'><strong>sint</strong></span> <span class='ocrx_word' id='word_1_132' title='bbox 737 2405 863 2483; x_wconf 82' lang='lat' dir='ltr'><strong>longae,</strong></span> <span class='ocrx_word' id='word_1_133' title='bbox 892 2409 924 2465; x_wconf 95' lang='lat' dir='ltr'><strong>et</strong></span> <span class='ocrx_word' id='word_1_134' title='bbox 951 2423 988 2465; x_wconf 93' lang='lat' dir='ltr'><strong>eo</strong></span> <span class='ocrx_word' id='word_1_135' title='bbox 1014 2394 1139 2465; x_wconf 88' lang='lat' dir='ltr'><strong>nomine</strong></span> <span class='ocrx_word' id='word_1_136' title='bbox 1167 2403 1254 2465; x_wconf 84' lang='lat' dir='ltr'><strong>aM.</strong></span> 
     </span>
     <span class='ocr_line' id='line_1_21' title="bbox 272 2508 1253 2591; baseline -0.002 -18"><span class='ocrx_word' id='word_1_137' title='bbox 272 2512 418 2573; x_wconf 89' lang='lat' dir='ltr'><strong>Varrone</strong></span> <span class='ocrx_word' id='word_1_138' title='bbox 441 2511 483 2572; x_wconf 87' lang='lat' dir='ltr'><strong>sit</strong></span> <span class='ocrx_word' id='word_1_139' title='bbox 502 2508 725 2591; x_wconf 86' lang='lat' dir='ltr'><strong>reprehensus,</strong></span> <span class='ocrx_word' id='word_1_140' title='bbox 740 2528 803 2571; x_wconf 95' lang='lat' dir='ltr'><strong>non</strong></span> <span class='ocrx_word' id='word_1_141' title='bbox 825 2510 954 2572; x_wconf 91' lang='lat' dir='ltr'><strong>videtur</strong></span> <span class='ocrx_word' id='word_1_142' title='bbox 974 2512 1056 2573; x_wconf 89' lang='lat' dir='ltr'><strong>male</strong></span> <span class='ocrx_word' id='word_1_143' title='bbox 1079 2528 1122 2571; x_wconf 85' lang='lat' dir='ltr'><strong>cx</strong></span> <span class='ocrx_word' id='word_1_144' title='bbox 1144 2508 1253 2571; x_wconf 89' lang='lat' dir='ltr'><strong>veteri</strong></span> 
     </span>
     <span class='ocr_line' id='line_1_22' title="bbox 276 2611 1251 2697; baseline 0 -20"><span class='ocrx_word' id='word_1_145' title='bbox 276 2616 415 2678; x_wconf 89' lang='lat' dir='ltr'><strong>editione</strong></span> <span class='ocrx_word' id='word_1_146' title='bbox 438 2616 558 2697; x_wconf 87' lang='lat' dir='ltr'><strong>corrigi</strong></span> <span class='ocrx_word' id='word_1_147' title='bbox 578 2635 682 2697; x_wconf 87' lang='lat' dir='ltr'><strong>posse,</strong></span> <span class='ocrx_word' id='word_1_148' title='bbox 703 2611 848 2680; x_wconf 73' lang='lat' dir='ltr'><strong>Aeliu3.“</strong></span> <span class='ocrx_word' id='word_1_149' title='bbox 861 2652 901 2660; x_wconf 93' lang='lat'>—</span> <span class='ocrx_word' id='word_1_150' title='bbox 914 2619 1012 2679; x_wconf 84' lang='lat' dir='ltr'><strong>Recte</strong></span> <span class='ocrx_word' id='word_1_151' title='bbox 1034 2617 1101 2679; x_wconf 91' lang='lat' dir='ltr'><strong>ille.</strong></span> <span class='ocrx_word' id='word_1_152' title='bbox 1123 2615 1180 2680; x_wconf 87' lang='lat' dir='ltr'><strong>cff.</strong></span> <span class='ocrx_word' id='word_1_153' title='bbox 1196 2617 1251 2678; x_wconf 76' lang='lat' dir='ltr'><strong>nr.</strong></span> 
     </span>
     <span class='ocr_line' id='line_1_23' title="bbox 274 2721 1251 2811; baseline 0.001 -29"><span class='ocrx_word' id='word_1_154' title='bbox 274 2722 331 2783; x_wconf 92' lang='lat'>111.</span> <span class='ocrx_word' id='word_1_155' title='bbox 353 2722 405 2783; x_wconf 89' lang='lat' dir='ltr'><strong>IV.</strong></span> <span class='ocrx_word' id='word_1_156' title='bbox 427 2721 569 2811; x_wconf 85' lang='lat' dir='ltr'><strong>incertae</strong></span> <span class='ocrx_word' id='word_1_157' title='bbox 592 2722 686 2785; x_wconf 91' lang='lat' dir='ltr'><strong>sedis.</strong></span> <span class='ocrx_word' id='word_1_158' title='bbox 719 2724 824 2786; x_wconf 86' lang='lat' dir='ltr'><strong>Miror</strong></span> <span class='ocrx_word' id='word_1_159' title='bbox 845 2742 932 2800; x_wconf 89' lang='lat' dir='ltr'><strong>vero,</strong></span> <span class='ocrx_word' id='word_1_160' title='bbox 954 2721 1120 2786; x_wconf 89' lang='lat' dir='ltr'><strong>Bartbium</strong></span> <span class='ocrx_word' id='word_1_161' title='bbox 1146 2723 1251 2785; x_wconf 92' lang='lat' dir='ltr'><strong>incer·-</strong></span> 
     </span>
     <span class='ocr_line' id='line_1_24' title="bbox 274 2827 1251 2908; baseline -0.001 -17"><span class='ocrx_word' id='word_1_162' title='bbox 274 2832 339 2891; x_wconf 86' lang='lat' dir='ltr'><strong>tnm</strong></span> <span class='ocrx_word' id='word_1_163' title='bbox 359 2827 513 2908; x_wconf 86' lang='lat' dir='ltr'><strong>haesisse,</strong></span> <span class='ocrx_word' id='word_1_164' title='bbox 534 2827 691 2892; x_wconf 82' lang='lat' dir='ltr'><strong>Stilonem</strong></span> <span class='ocrx_word' id='word_1_165' title='bbox 713 2849 755 2892; x_wconf 96' lang='lat' dir='ltr'><strong>an</strong></span> <span class='ocrx_word' id='word_1_166' title='bbox 776 2829 945 2895; x_wconf 82' lang='lat' dir='ltr'><strong>Stolonem</strong></span> <span class='ocrx_word' id='word_1_167' title='bbox 965 2829 1090 2892; x_wconf 83' lang='lat' dir='ltr'><strong>Aelium</strong></span> <span class='ocrx_word' id='word_1_168' title='bbox 1110 2830 1251 2892; x_wconf 88' lang='lat' dir='ltr'><strong>nomina-</strong></span> 
     </span>
     <span class='ocr_line' id='line_1_25' title="bbox 271 2936 1251 3017; baseline 0.002 -21"><span class='ocrx_word' id='word_1_169' title='bbox 271 2941 332 3014; x_wconf 90' lang='lat' dir='ltr'><strong>ret,</strong></span> <span class='ocrx_word' id='word_1_170' title='bbox 354 2954 446 3017; x_wconf 83' lang='lat' dir='ltr'><strong>qnnm</strong></span> <span class='ocrx_word' id='word_1_171' title='bbox 467 2936 592 2999; x_wconf 90' lang='lat' dir='ltr'><strong>omnino</strong></span> <span class='ocrx_word' id='word_1_172' title='bbox 614 2957 678 2999; x_wconf 92' lang='lat' dir='ltr'><strong>non</strong></span> <span class='ocrx_word' id='word_1_173' title='bbox 700 2938 825 3001; x_wconf 92' lang='lat' dir='ltr'><strong>dubium</strong></span> <span class='ocrx_word' id='word_1_174' title='bbox 847 2938 899 3000; x_wconf 88' lang='lat' dir='ltr'><strong>sit.</strong></span> <span class='ocrx_word' id='word_1_175' title='bbox 941 2937 1031 3013; x_wconf 78' lang='lat' dir='ltr'><strong>Quod</strong></span> <span class='ocrx_word' id='word_1_176' title='bbox 1061 2955 1140 3000; x_wconf 91' lang='lat' dir='ltr'><strong>vero</strong></span> <span class='ocrx_word' id='word_1_177' title='bbox 1163 2937 1251 3002; x_wconf 89' lang='lat' dir='ltr'><strong>addit</strong></span> 
     </span>
     <span class='ocr_line' id='line_1_26' title="bbox 274 3041 1251 3125; baseline 0.005 -22"><span class='ocrx_word' id='word_1_178' title='bbox 274 3041 314 3104; x_wconf 90' lang='lat' dir='ltr'><strong>de</strong></span> <span class='ocrx_word' id='word_1_179' title='bbox 329 3043 421 3106; x_wconf 84' lang='lat' dir='ltr'><strong>Aelio</strong></span> <span class='ocrx_word' id='word_1_180' title='bbox 438 3048 623 3107; x_wconf 87' lang='lat' dir='ltr'><strong>tantumnon</strong></span> <span class='ocrx_word' id='word_1_181' title='bbox 643 3046 757 3108; x_wconf 88' lang='lat' dir='ltr'><strong>acerbe</strong></span> <span class='ocrx_word' id='word_1_182' title='bbox 781 3065 801 3108; x_wconf 94' lang='lat' dir='ltr'><strong>a</strong></span> <span class='ocrx_word' id='word_1_183' title='bbox 820 3047 966 3109; x_wconf 89' lang='lat' dir='ltr'><strong>Varrone</strong></span> <span class='ocrx_word' id='word_1_184' title='bbox 989 3045 1152 3125; x_wconf 83' lang='lat' dir='ltr'><strong>sugillato,</strong></span> <span class='ocrx_word' id='word_1_185' title='bbox 1170 3063 1251 3108; x_wconf 92' lang='lat' dir='ltr'><strong>com-</strong></span> 
     </span>
     <span class='ocr_line' id='line_1_27' title="bbox 272 3151 902 3234; baseline 0.005 -24"><span class='ocrx_word' id='word_1_186' title='bbox 272 3151 448 3213; x_wconf 89' lang='lat' dir='ltr'><strong>mentitium</strong></span> <span class='ocrx_word' id='word_1_187' title='bbox 470 3157 528 3214; x_wconf 83' lang='lat' dir='ltr'><strong>est</strong></span> <span class='ocrx_word' id='word_1_188' title='bbox 549 3152 620 3215; x_wconf 89' lang='lat' dir='ltr'><strong>Vid.</strong></span> <span class='ocrx_word' id='word_1_189' title='bbox 642 3171 708 3234; x_wconf 90' lang='lat' dir='ltr'><strong>snp.</strong></span> <span class='ocrx_word' id='word_1_190' title='bbox 729 3174 759 3234; x_wconf 91' lang='lat' dir='ltr'><strong>p.</strong></span> <span class='ocrx_word' id='word_1_191' title='bbox 780 3157 831 3216; x_wconf 79' lang='lat'><strong>50.</strong></span> <span class='ocrx_word' id='word_1_192' title='bbox 852 3157 902 3215; x_wconf 91' lang='grc'><strong>51.</strong></span> 
     </span>
     <span class='ocr_line' id='line_1_28' title="bbox 660 3261 776 3321; baseline -0.009 0"><span class='ocrx_word' id='word_1_193' title='bbox 660 3261 776 3321; x_wconf 91' lang='lat' dir='ltr'><strong>XVIII.</strong></span> 
     </span>
    </p>
   </div>
   <div class='ocr_carea' id='block_1_3' title="bbox 185 3353 1250 3962">
    <p class='ocr_par' dir='ltr' id='par_1_5' title="bbox 194 3353 1201 3446">
     <span class='ocr_line' id='line_1_29' title="bbox 194 3353 1201 3446; baseline 0.002 -20"><span class='ocrx_word' id='word_1_194' title='bbox 194 3353 347 3426; x_wconf 81' lang='lat' dir='ltr'><em>VARRO</em></span> <span class='ocrx_word' id='word_1_195' title='bbox 367 3359 407 3424; x_wconf 86' lang='lat' dir='ltr'><strong>de</strong></span> <span class='ocrx_word' id='word_1_196' title='bbox 426 3359 517 3444; x_wconf 78' lang='lat' dir='ltr'><strong>Ortp.</strong></span> <span class='ocrx_word' id='word_1_197' title='bbox 538 3360 579 3427; x_wconf 76' lang='lat' dir='ltr'><strong>t.</strong></span> <span class='ocrx_word' id='word_1_198' title='bbox 602 3361 644 3427; x_wconf 85' lang='lat' dir='ltr'><strong>L.</strong></span> <span class='ocrx_word' id='word_1_199' title='bbox 665 3360 693 3428; x_wconf 90' lang='lat'><strong>1.</strong></span> <span class='ocrx_word' id='word_1_200' title='bbox 716 3381 770 3446; x_wconf 91' lang='lat' dir='ltr'><strong>op.</strong></span> <span class='ocrx_word' id='word_1_201' title='bbox 792 3363 903 3428; x_wconf 77' lang='lat' dir='ltr'><strong>Prisc.</strong></span> <span class='ocrx_word' id='word_1_202' title='bbox 924 3383 956 3446; x_wconf 88' lang='lat' dir='ltr'><strong>p.</strong></span> <span class='ocrx_word' id='word_1_203' title='bbox 975 3369 1045 3428; x_wconf 82' lang='grc'><strong>556.</strong></span> <span class='ocrx_word' id='word_1_204' title='bbox 1063 3359 1201 3428; x_wconf 83' lang='lat' dir='ltr'><strong>Putscb.</strong></span> 
     </span>
    </p>

    <p class='ocr_par' dir='ltr' id='par_1_6' title="bbox 185 3466 1250 3962">
     <span class='ocr_line' id='line_1_30' title="bbox 251 3466 1250 3553; baseline 0.004 -24"><span class='ocrx_word' id='word_1_205' title='bbox 251 3469 293 3530; x_wconf 88' lang='lat' dir='ltr'><strong>llt</strong></span> <span class='ocrx_word' id='word_1_206' title='bbox 311 3469 372 3530; x_wconf 84' lang='lat' dir='ltr'><strong>Jon</strong></span> <span class='ocrx_word' id='word_1_207' title='bbox 395 3470 516 3548; x_wconf 86' lang='lat' dir='ltr'><strong>scribit,</strong></span> <span class='ocrx_word' id='word_1_208' title='bbox 538 3471 648 3553; x_wconf 88' lang='lat' dir='ltr'><strong>quinta</strong></span> <span class='ocrx_word' id='word_1_209' title='bbox 669 3471 822 3535; x_wconf 87' lang='lat' dir='ltr'><strong>vicesima</strong></span> <span class='ocrx_word' id='word_1_210' title='bbox 844 3478 893 3534; x_wconf 88' lang='lat' dir='ltr'><strong>est</strong></span> <span class='ocrx_word' id='word_1_211' title='bbox 914 3466 1013 3535; x_wconf 84' lang='lat' dir='ltr'><strong>litera</strong></span> <span class='ocrx_word' id='word_1_212' title='bbox 1042 3489 1134 3553; x_wconf 84' lang='lat' dir='ltr'><strong>quam</strong></span> <span class='ocrx_word' id='word_1_213' title='bbox 1155 3486 1250 3552; x_wconf 71' lang='lat' dir='ltr'><strong>ayma</strong></span> 
     </span>
     <span class='ocr_line' id='line_1_31' title="bbox 189 3573 1249 3654; baseline 0.002 -15"><span class='ocrx_word' id='word_1_214' title='bbox 189 3579 315 3654; x_wconf 85' lang='lat' dir='ltr'><strong>vocant,</strong></span> <span class='ocrx_word' id='word_1_215' title='bbox 337 3573 425 3654; x_wconf 87' lang='lat' dir='ltr'><strong>cujus</strong></span> <span class='ocrx_word' id='word_1_216' title='bbox 446 3577 549 3639; x_wconf 81' lang='lat' dir='ltr'><strong>forma</strong></span> <span class='ocrx_word' id='word_1_217' title='bbox 569 3580 661 3640; x_wconf 88' lang='lat' dir='ltr'><strong>nulla</strong></span> <span class='ocrx_word' id='word_1_218' title='bbox 682 3583 715 3639; x_wconf 90' lang='lat' dir='ltr'><strong>et</strong></span> <span class='ocrx_word' id='word_1_219' title='bbox 736 3598 802 3641; x_wconf 84' lang='lat' dir='ltr'><strong>vox</strong></span> <span class='ocrx_word' id='word_1_220' title='bbox 830 3579 998 3641; x_wconf 90' lang='lat' dir='ltr'><strong>communis</strong></span> <span class='ocrx_word' id='word_1_221' title='bbox 1033 3584 1083 3642; x_wconf 90' lang='lat' dir='ltr'><strong>est</strong></span> <span class='ocrx_word' id='word_1_222' title='bbox 1112 3577 1249 3641; x_wconf 81' lang='lat' dir='ltr'><strong>Graecis</strong></span> 
     </span>
     <span class='ocr_line' id='line_1_32' title="bbox 190 3681 1249 3767; baseline 0.004 -24"><span class='ocrx_word' id='word_1_223' title='bbox 190 3687 224 3743; x_wconf 92' lang='lat' dir='ltr'><strong>et</strong></span> <span class='ocrx_word' id='word_1_224' title='bbox 243 3681 380 3760; x_wconf 82' lang='lat' dir='ltr'><strong>Latinis,</strong></span> <span class='ocrx_word' id='word_1_225' title='bbox 402 3689 437 3744; x_wconf 91' lang='lat' dir='ltr'><strong>ut</strong></span> <span class='ocrx_word' id='word_1_226' title='bbox 456 3681 508 3744; x_wconf 93' lang='lat' dir='ltr'><strong>bis</strong></span> <span class='ocrx_word' id='word_1_227' title='bbox 530 3683 658 3745; x_wconf 85' lang='lat' dir='ltr'><strong>verbis:</strong></span> <span class='ocrx_word' id='word_1_228' title='bbox 681 3684 830 3764; x_wconf 77' lang='lat' dir='ltr'><strong>appulus,</strong></span> <span class='ocrx_word' id='word_1_229' title='bbox 860 3702 992 3766; x_wconf 75' lang='lat' dir='ltr'><strong>appear,</strong></span> <span class='ocrx_word' id='word_1_230' title='bbox 1019 3682 1176 3767; x_wconf 71' lang='lat' dir='ltr'><strong>oppositio,</strong></span> <span class='ocrx_word' id='word_1_231' title='bbox 1202 3687 1249 3766; x_wconf 76' lang='lat' dir='ltr'><strong>iy-</strong></span> 
     </span>
     <span class='ocr_line' id='line_1_33' title="bbox 185 3785 1248 3873; baseline 0.004 -21"><span class='ocrx_word' id='word_1_232' title='bbox 185 3794 313 3870; x_wconf 76' lang='lat' dir='ltr'><strong>peram.</strong></span> <span class='ocrx_word' id='word_1_233' title='bbox 335 3793 372 3853; x_wconf 92' lang='lat' dir='ltr'><strong>ln</strong></span> <span class='ocrx_word' id='word_1_234' title='bbox 393 3789 607 3871; x_wconf 88' lang='lat' dir='ltr'><strong>hujuscemodi</strong></span> <span class='ocrx_word' id='word_1_235' title='bbox 630 3791 749 3855; x_wconf 83' lang='lat' dir='ltr'><strong>Graeci</strong></span> <span class='ocrx_word' id='word_1_236' title='bbox 773 3797 806 3854; x_wconf 89' lang='lat' dir='ltr'><strong>et</strong></span> <span class='ocrx_word' id='word_1_237' title='bbox 827 3785 955 3857; x_wconf 80' lang='lat' dir='ltr'><strong>Accius</strong></span> <span class='ocrx_word' id='word_1_238' title='bbox 976 3797 1093 3856; x_wconf 84' lang='lat' dir='ltr'><strong>noster</strong></span> <span class='ocrx_word' id='word_1_239' title='bbox 1112 3791 1190 3856; x_wconf 86' lang='lat' dir='ltr'><strong>bino</strong></span> <span class='ocrx_word' id='word_1_240' title='bbox 1206 3809 1248 3873; x_wconf 73' lang='lat' dir='ltr'><strong>pp</strong></span> 
     </span>
     <span class='ocr_line' id='line_1_34' title="bbox 189 3896 347 3962; baseline 0.013 -2"><span class='ocrx_word' id='word_1_241' title='bbox 189 3896 347 3962; x_wconf 83' lang='lat' dir='ltr'><strong>scribunt.</strong></span> 
     </span>
    </p>
   </div>
   <div class='ocr_carea' id='block_1_4' title="bbox 0 0 1350 4666">
    <p class='ocr_par' dir='ltr' id='par_1_7' title="bbox 0 0 1350 4666">
     <span class='ocr_line' id='line_1_35' title="bbox 0 0 1350 4666; baseline 0 3"><span class='ocrx_word' id='word_1_242' title='bbox 0 0 1350 4666; x_wconf 95' lang='lat' dir='ltr'><strong> </strong></span> 
     </span>
    </p>
   </div>
  </div>
 </body>
</html>
