2692 4666
478 341 724 412 ..27-

84 514 120 573 et
141 509 293 572 excolere
314 514 494 589 coepercmt
536 511 758 577 Exserebatur
785 519 890 577 autem
919 531 987 578 cum
1008 516 1042 577 in
1063 513 1147 576 omni

82 616 212 681 omuino
251 615 425 679 shrdiomnn
457 636 587 699 genere,
621 625 686 681 tum
724 621 895 702 praecipue
928 622 963 684 in
998 627 1148 685 accurata

85 723 301 805 etymologiae
322 724 583 806 investigatione,
605 745 685 808 quae
706 728 863 792 Varronis
886 735 993 793 aetate
1016 749 1054 792 ac
1067 730 1148 793 Var-

80 853 163 897 rone
184 832 380 914 potissimum
407 839 536 898 auctore
564 821 683 898 Romae
712 836 827 919 viguit
870 838 1002 901 Tertius
1022 836 1077 901 bic
1095 855 1147 899 rc-

82 960 166 1005 vera
186 939 305 1021 gradus
325 940 396 1018 fuit,
418 958 509 1021 quem
528 941 732 1025 philosophia
752 943 864 1008 Stoica
884 943 1148 1026 consequebatur,

80 1049 312 1132 plurimumque
334 1047 407 1109 inde
430 1050 632 1112 emolumenti
654 1049 887 1115 Grammaticos
910 1051 1046 1114 studium
1073 1069 1148 1132 per-

81 1157 179 1237 cepit.
200 1158 267 1231 Quo
290 1174 381 1239 quum
401 1156 556 1237 perducta
576 1163 663 1220 esset
684 1158 907 1238 Grammatico,
927 1159 962 1222 in
984 1159 1064 1223 artis
1082 1161 1167 1221 lon·

79 1283 166 1328 mam
194 1264 300 1326 omnia
326 1262 570 1341 conveniebant,
598 1282 680 1344 quae
717 1270 814 1329 autea
844 1265 992 1347 dispersa
1019 1284 1057 1327 ac
1085 1264 1151 1328 dis-

83 1371 192 1453 sipata
212 1373 351 1448 fueraut,
371 1375 537 1452 poetarum
557 1372 778 1452 pertractatio,
806 1371 1015 1436 historiarum
1044 1370 1152 1452 cogni-

81 1479 141 1558 tio,
162 1477 331 1541 verborum
351 1476 586 1556 interpretatio,
606 1479 833 1559 pronuntiandi
855 1480 980 1561 quidam
1002 1497 1097 1541 sonus
1116 1476 1152 1558 ¹).

147 1584 214 1649 Sed
240 1584 279 1646 de
306 1582 359 1646 his
387 1583 533 1665 pluribus
563 1585 659 1664 infra,
685 1586 740 1649 uhi
773 1585 993 1668 philosophiae
1021 1585 1150 1651 Stoicae

82 1692 151 1756 vim
171 1690 487 1768 attendemus3n1mc
508 1691 546 1753 de
567 1690 760 1755 Rhetoricae
789 1694 871 1774 apud
900 1694 1057 1757 Romanos
1084 1699 1151 1755 stu-

81 1799 157 1862 diis.
198 1798 279 1863 Sero
312 1799 455 1861 tolerata
493 1796 573 1860 hacc
615 1817 653 1861 ac
696 1806 827 1881 recepta
860 1800 978 1863 Romae
1013 1802 1153 1876 fuerunt,

83 1907 201 1991 quippe
222 1905 362 1970 moribus
383 1904 523 1988 antiquis
546 1911 579 1968 et
599 1905 756 1969 institutis
770 1912 803 1968 et
824 1924 903 1969 vero
926 1907 1151 1970 severissimae

82 2002 284 2096 dfflplinae,
305 2031 367 2096 qua
388 2012 442 2076 diu
463 2013 554 2077 stetit
574 2015 673 2076 noma
694 2034 732 2078 ac
754 2013 824 2076 sola
856 2019 944 2075 stare
965 2032 1059 2095 posse
1082 2031 1151 2074 cre-

85 2121 232 2200 debatur,
247 2113 416 2184 adversari
429 2120 511 2183 visa
533 2121 662 2184 Pariter
681 2127 776 2203 atque
794 2119 1036 2197 Grammaticae,
1057 2119 1153 2182 initia

90 2225 162 2307 ejus
188 2231 223 2290 ct
248 2245 330 2289 vera
355 2226 447 2308 origo
475 2244 495 2289 a
520 2224 657 2288 Graecis
686 2223 857 2288 fluxerunt.
898 2223 980 2286 Ante
1010 2223 1152 2288 Cratetis

84 2337 216 2401 fflmam
250 2334 420 2396 adventum
449 2334 541 2395 nulla
575 2333 765 2414 disciplinae
799 2330 981 2394 rhetoricae
1014 2331 1183 2412 vestigia,

86 2442 315 2518 inveniuntur3
335 2441 431 2522 paulo
452 2444 526 2521 post
546 2445 660 2517 tamen,
688 2437 824 2502 Achaeis
854 2437 1020 2501 exsulibus
1045 2437 1080 2500 iu
1107 2437 1156 2500 vi-

85 2548 178 2612 cinas
198 2552 307 2609 terras
328 2543 493 2625 dispersis
519 2544 730 2606 Rornanorum
758 2544 899 2626 ingenia,
930 2543 1073 2607 discendi
1101 2562 1154 2606 ar·

86 2657 166 2719 dore
187 2653 339 2731 excitato,
355 2653 397 2715 ad
417 2650 486 2730 ejus
502 2651 591 2714 artis·
601 2652 737 2714 studium
753 2652 973 2716 incubuerunt
995 2652 1158 2732 Polybius,

87 2780 169 2825 unns
190 2779 235 2824 cx
257 2760 307 2839 iis,
321 2759 375 2841 qui
395 2759 533 2840 patrium
554 2760 655 2821 solum
669 2764 846 2839 verterant,
858 2760 988 2824 Romam
1006 2759 1158 2838 devertit,

87 2870 195 2952 ibique
217 2867 439 2931 familiaritate
466 2864 643 2948 principum
672 2867 882 2930 Romanorum
902 2872 997 2945 tutus,
1020 2865 1153 2946 egregie

89 2978 132 3042 iis
160 2975 329 3055 consuluit,
356 2972 620 3056 philosophiaque
649 2993 704 3036 cos
738 2973 880 3037 erudivit
901 2971 938 3052 ²).
980 2973 1157 3035 Praeterea

91 3085 174 3148 alios
207 3085 323 3145 multos
352 3100 390 3143 eo
423 3087 566 3163 tempore
596 3079 810 3142 instituendae
840 3077 1020 3159 juventutis
1057 3096 1156 3143 causa

92 3191 222 3255 &mam
258 3186 456 3265 convenisse,
490 3190 581 3267 patet
608 3202 651 3247 ex
677 3184 876 3248 memorabili
904 3184 1157 3248 commorationis

92 3316 167 3360 suae
196 3296 231 3358 iu
259 3294 343 3358 Urbe
374 3299 407 3356 et
434 3292 590 3355 sermonis
613 3312 681 3355 cum
710 3290 861 3373 Scipione
889 3289 992 3355 habiti
1014 3293 1156 3373 descrip-

92 3406 179 3468 tione
203 3397 436 3480 Polybima³):
454 3399 526 3481 Ἐγώ
549 3401 579 3459 δὲ
599 3395 652 3478 κᾷν
671 3398 757 3474 ἡδέως
779 3421 823 3458 σοι
841 3402 1012 3475 συνεπιδοὶην
1033 3401 1158 3480 ἐμαυτὸν,

88 3539 308 3554 -————-·‘

129 3626 155 3703 ¹)
176 3624 239 3686 Cia
261 3622 299 3684 de
320 3621 404 3684 Orat.
425 3619 448 3684 l.
469 3621 519 3684 ll.
896 3661 898 3667 ‚

124 3709 152 3789 2)
173 3703 311 3768 Pausau,
325 3704 396 3769 vll.
420 3706 467 3769 10.
487 3724 518 3785 p.
539 3701 609 3766 ola.
649 3700 738 3794 Diod.
767 3700 829 3766 Sic.
856 3702 904 3764 Dc
931 3703 1010 3765 Virt.
1037 3706 1068 3763 et
1097 3699 1166 3766 Vit.

86 3792 227 3957 abb
260 3787 374 3936 ‘ciiii
395 3871 424 3934 a.
446 3871 577 3934 sacua.
598 3869 638 3931 aa
658 3869 744 3933 saec.
766 3868 804 3929 a
825 3867 870 3930 u.
886 3867 979 3929 nnec
1004 3869 1030 3930 1.
1049 3863 1168 3943 aynae-

176 3973 236 4017 mrs
256 3955 286 4015 iu
306 3952 393 4037 Disp.
417 3955 456 4016 dc
477 3951 624 4016 Panaetio
645 3972 675 4035 p.
696 3952 746 4017 lo.
768 3951 869 4014 verbis
891 3948 1011 4028 Polybii
1040 3945 1168 4010 Gracco-
