2692 4666
545 399 591 418 ...
641 364 692 436 20
742 398 788 414 ..

139 542 262 621 stitere,
283 533 513 623 aliquantulum
534 539 647 604 deinde
667 545 822 624 provecta
843 543 900 601 est.
943 533 1110 600 Praesidio
1132 533 1196 614 pri-

138 668 207 712 mus
229 649 260 712 ei
281 649 381 712 fuisse
403 648 519 711 dicitur
540 635 655 711 Livius
675 647 883 721 Andronicus,
904 643 1075 708 libertinus
1105 639 1196 703 bomo

139 761 174 818 et
195 755 380 838 cognomine
402 750 529 839 brajao
551 753 586 834 ¹).
629 755 761 819 Patroni
781 754 840 817 ille
862 753 920 830 srn',
943 751 1012 814 sive
1032 748 1199 814 Salinator

137 863 344 949 viri—nomen
373 863 443 941 fuit,
464 863 534 926 sive
556 863 711 940 blacatus,
731 863 852 925 liberos
873 859 1022 937 instituit,
1043 858 1198 936 simulque

135 968 403 1061 ludoefeccnicos,
423 971 476 1054 qui
498 977 592 1035 orant
612 970 776 1048 inconditi,
796 969 837 1033 ad
857 968 1022 1032 meliorem
1041 965 1200 1028 rationein

140 1058 323 1160 composuit.
372 1078 496 1141 Docere
519 1077 614 1140 ctiam
634 1078 762 1142 fabulas
783 1076 896 1156 coepit,
923 1074 1066 1138 Graecos
1087 1077 1201 1152 poetas

138 1184 289 1250 imitatus.
310 1182 502 1247 lustituendi
522 1203 632 1247 munus
653 1190 787 1266 utraque
808 1182 921 1264 lingua
949 1180 1031 1242 domi
1057 1178 1201 1260 forisque

141 1290 241 1354 tuitus
262 1297 321 1370 est,
350 1291 397 1354 ita
423 1295 538 1370 tomen,
565 1296 600 1353 ut
625 1297 746 1354 tantum
773 1290 899 1354 Graeca
924 1289 1203 1367 interpretaremur,

140 1398 259 1460 Latina
279 1416 367 1477 vero,
388 1416 468 1480 quae
490 1398 687 1479 coniecisset,
715 1401 921 1481 praelegerat
947 1400 1077 1458 tantinn.
1118 1396 1204 1472 Nota

142 1510 246 1569 autem
267 1522 321 1566 res
343 1509 402 1583 cst,
422 1504 574 1568 universe
601 1506 768 1572 literarum
795 1505 902 1569 studia
926 1503 1094 1585 plurimum
1120 1499 1203 1582 apud

141 1612 299 1681 &manos
320 1610 404 1674 omni
425 1610 538 1676 deinde
560 1617 700 1694 tempore
721 1591 886 1676 servorum
907 1629 1024 1692 operae
1040 1607 1204 1682 debuisse3

142 1716 256 1780 Livius
278 1716 347 1798 ipsc
369 1735 484 1780 servus
504 1720 620 1800 fuerat,
642 1738 685 1782 ex
704 1738 820 1802 magna
840 1718 989 1796 Graecia,
1010 1722 1045 1778 ut
1066 1714 1204 1791 videtur,

143 1821 311 1899 oriundum
339 1822 393 1906 qui
420 1843 513 1906 quum
544 1827 584 1895 ob
617 1826 778 1908 ingenium
808 1826 1042 1905 doctrinamque
1079 1822 1204 1883 domino

144 1927 319 2008 placuisset
340 1947 378 1991 ac
397 1931 606 1994 manumissus
628 1937 723 2011 esset,
751 1949 770 1995 a
797 1929 987 1993 domesticae
1015 1926 1209 2009 disciplinae

146 2035 305 2118 angustiis
326 2034 366 2100 ad
387 2037 547 2121 publicum
568 2039 702 2104 docendi
722 2058 833 2102 munus
855 2057 889 2103 se
911 2036 1055 2100 contulit.

206 2164 336 2228 bivium
364 2164 513 2256 deinceps
542 2173 669 2231 secutus
696 2167 828 2242 Ennius,
856 2166 945 2248 epico
974 2164 1111 2228 carmine
1139 2162 1205 2243 pri-

144 2289 211 2333 mus
232 2288 286 2335 res
308 2277 417 2352 gestas
438 2273 648 2336 llomanorum
669 2271 855 2349 celebravit,
882 2289 920 2334 ae
946 2269 1008 2333 fuit
1034 2268 1069 2332 in
1097 2268 1206 2331 eodem

145 2376 334 2459 disciplinae
356 2397 485 2462 genere,
507 2380 590 2461 quod
612 2379 798 2441 instituerat
826 2376 950 2455 bivium,
975 2380 1146 2457 occupatus
1169 2374 1206 2454 ²).

146 2486 304 2558 Quantam
329 2485 437 2546 literis
465 2485 606 2548 Graecis
629 2503 757 2564 operam
785 2484 966 2564 navaverit,
997 2489 1207 2566 quantumque

146 2588 187 2649 iis
209 2590 419 2651 Romanorum
439 2589 571 2671 ingenia
591 2590 731 2654 imbuere
754 2591 919 2670 studuerit,
941 2611 959 2654 e
981 2590 1132 2655 versibus
1149 2609 1206 2670 pa-

144 2698 202 2772 tet,
222 2712 300 2775 quos
322 2693 361 2755 de
383 2694 533 2759 Romanis
554 2696 722 2776 usurpavit
744 2691 780 2777 3).

232 2844 425 2911 mumdum
447 2846 602 2910 Graecos:
625 2845 738 2934 Grtp'oo
758 2871 924 2914 memorare
944 2850 1041 2913 colent
1062 2870 1122 2922 sor,

227 2941 320 3100 guod
340 2941 463 3057 Gracco
482 2943 587 3027 nuptu
607 2941 716 3026 louqoo
732 2966 793 3028 per
814 2949 952 3028 tempori
975 2954 1093 3008 tractam

261 3060 296 3099 oo
311 3059 397 3122 paco.

51 3359 53 3364 ¹
184 3370 206 3446 ¹)
229 3365 315 3428 Suet.
339 3365 358 3429 Ι.
385 3364 404 3427 l.
433 3365 648 3444 scmiqraccum
672 3371 798 3445 poclum
827 3371 858 3424 et
884 3373 1036 3426 oratorem
1067 3363 1209 3444 appellat

230 3447 348 3510 Terent.
368 3446 464 3510 Maur.
487 3445 524 3506 de
545 3445 653 3531 Metuis
674 3467 719 3511 vs.
743 3445 830 3514 1931.
857 3448 957 3528 ibique
978 3448 1159 3526 Lennepius.
1180 3466 1210 3526 p.

234 3529 301 3596 177.
322 3529 371 3592 cii.
393 3528 492 3592 Tirab.
516 3528 574 3609 0p.
595 3528 614 3591 Ι.
637 3527 706 3592 Vol.
727 3532 783 3595 ΙΙΙ.
805 3529 824 3592 Ι.
846 3532 883 3593 ll.
911 3550 941 3610 p.
964 3532 1032 3597 118.
1061 3528 1209 3609 Bergman

232 3615 396 3676 Commeat.
417 3613 455 3672 de
474 3613 532 3674 litt.
552 3609 637 3673 cond.
667 3631 714 3693 ap.
742 3609 831 3676 Rom
859 3613 952 3693 (Anu.
972 3613 1007 3678 1..
1028 3613 1065 3677 B.
1088 3612 1210 3674 1816*

176 3741 178 3746 -
236 3695 338 3775 1817).
358 3693 440 3755 Bam
460 3693 519 3775 Op.
539 3694 559 3756 l
579 3713 609 3774 p.
630 3694 679 3758 41.
700 3713 767 3774 sqq.

184 3823 212 3900 2)
235 3821 320 3885 Suet.
341 3820 360 3884 l.
381 3819 401 3883 l.
421 3818 520 3881 Tirab.
541 3816 561 3880 l.
582 3816 601 3880 l.
623 3837 652 3897 p.
677 3816 735 3884 126
756 3836 822 3897 sqq.

184 3939 211 4017 ⁸)
232 3938 348 4003 Festus·
364 3959 392 4003 u.
413 3936 544 4020 neptum
564 3937 665 4020 ibique
690 3934 834 4018 Scaliger.
