2692 4666
557 354 604 369 ...
655 315 706 392 qq
755 352 802 368 ...

72 484 77 497 ¹
151 502 275 580 spectet
294 496 437 561 laudatio
458 495 553 575 Aelii,
574 514 666 580 quem
691 497 795 560 rtrum
822 494 984 576 epreplrm
1009 497 1044 559 et
1069 495 1211 577 equitem

52 684 57 690 ⁹
151 601 333 669 Romanum
361 605 577 686 cumprimis
604 602 775 667 heremum
801 597 1006 682 appellat.
1051 599 1120 667 Sed
1145 619 1211 665 nor

151 712 270 794 optime
296 716 417 774 tanturm
443 711 610 774 voluntate
637 709 747 772 Aelius
773 708 927 772 nobilium
952 725 1079 772 causan
1110 707 1210 773 tudtua

153 825 213 898 eat,
233 836 270 881 re
292 819 388 882 etiarn
408 816 613 900 consiliisque
635 814 767 901 &iuvit
785 814 897 897 atque
917 813 993 878 hinc
1013 814 1212 897 potissimum

148 926 356 1008 repetendam
377 925 525 989 existimo
546 923 804 987 consuetudinem
825 922 1063 987 scribendarum
1090 922 1211 996 oratio-

153 1052 235 1113 num,
257 1033 345 1115 cnjus
366 1033 522 1116 propositi
542 1031 627 1096 ratio
649 1050 687 1095 eo
707 1030 899 1113 praesertim
919 1029 1059 1107 valebat,
1080 1034 1118 1092 ut
1136 1047 1210 1111 per·

151 1141 284 1204 niciosis
303 1143 457 1205 melorum
477 1139 643 1204 conatibus
663 1138 841 1202 resisteret.
882 1135 1016 1220 Semper
1043 1136 1210 1201 enimno·

153 1249 291 1314 bilita'tis
312 1247 480 1327 studiosus,
502 1264 628 1310 causam
655 1243 723 1327 ejus
750 1245 906 1308 adversus
933 1246 1120 1327 popularem
1143 1245 1211 1308 fac-

153 1356 280 1434 tionem,
305 1373 435 1417 nrumero
467 1358 501 1416 et
520 1353 711 1417 auctoritate
739 1351 999 1430 invalescentem,
1024 1350 1125 1414 trima
1150 1357 1210 1416 est.

152 1462 206 1525 llx
230 1461 281 1540 iia,
308 1478 386 1542 quos
413 1460 611 1524 orationibus
639 1458 803 1539 instruxit,
830 1459 1036 1521 nominentur
1062 1454 1105 1536 Q.
1130 1456 1211 1522 Ser-

153 1565 254 1631 vilius
281 1562 419 1648 Caepio,
446 1565 604 1648 equestria
637 1565 759 1629 ordinis
791 1569 1017 1647 propugnator,
1044 1562 1212 1630 Saturnini

153 1673 361 1737 adversarius
380 1670 422 1751 ²):
445 1669 484 1738 0.
504 1668 665 1738 Aurelius
686 1668 798 1750 Cotta,
818 1673 854 1736 in
875 1690 935 1756 quo
956 1690 1104 1754 magnam
1125 1684 1212 1755 span

152 1781 320 1862 optimates
346 1781 515 1863 dignitatis
545 1798 621 1844 suec
643 1779 711 1861 J'aun
737 1785 811 1860 tum,
838 1798 908 1843 cum
934 1779 1131 1844 trilunatum
1157 1798 1213 1862 pe-

153 1892 246 1968 teret,
276 1888 490 1965 collocabant;
516 1888 570 1970 qui
597 1907 689 1972 quum
718 1906 776 1969 per
809 1887 962 1950 invidiam
995 1886 1147 1969 depulsus
1173 1904 1211 1951 eo

144 2013 282 2059 munere
305 2000 338 2059 et
358 1996 433 2078 lege
453 1995 556 2059 Varia
574 2013 650 2059 reus
669 1997 775 2059 tactus
797 2000 892 2074 esset,
913 1995 948 2057 in
969 2013 1007 2057 eo
1028 1993 1210 2058 discrimine

151 2101 237 2165 Aelii
258 2101 435 2184 patrocinio
456 2107 508 2165 est
527 2121 602 2164 usus
625 2099 668 2180 ⁸)=
690 2099 731 2179 Q.
751 2096 931 2184 Pompejue
946 2095 1070 2179 Restm,
1092 2098 1210 2179 Crassi,

153 2207 285 2272 Antonii
313 2214 347 2271 et
375 2207 554 2272 Scaevolae
578 2206 718 2290 Auguris
744 2206 915 2271 familiaris
934 2203 973 2285 oq
999 2207 1212 2288 probabiliter

150 2315 243 2393 idem,
265 2314 318 2396 qui
337 2314 538 2396 rogationem
558 2314 596 2376 de
617 2313 725 2376 reditu
744 2313 872 2376 Metelli
895 2312 1053 2376 Numidici
1073 2314 1211 2394 promul-

152 2421 246 2503 gavit
268 2419 304 2500 ⁶).
346 2423 464 2484 Postea
491 2419 611 2484 consul
640 2422 674 2483 Ρ.
704 2418 848 2501 Sulpicio
884 2421 977 2500 Rufo,
1011 2419 1210 2502 perniciosas

153 2528 245 2607 legor
281 2526 506 2607 promulganti,
540 2530 574 2588 et
613 2525 825 2590 intercedenti
853 2546 895 2591 ne
923 2527 1055 2591 exsudes
1081 2545 1214 2592 revoca·

151 2636 274 2710 rentur,
295 2631 486 2695 adversatus
508 2637 559 2695 est
579 2628 616 2712 ὁ).

142 2799 144 2804 s
215 2738 283 2800 lloc
304 2756 381 2801 sene
404 2739 606 2827 suscipiendo
626 2757 757 2804 munere
778 2740 903 2803 omnino
924 2758 989 2804 non
1011 2757 1130 2821 expers
1150 2742 1212 2806 fuit

152 2844 350 2926 reipublicae
388 2846 446 2909 sed
480 2848 611 2929 egregie
640 2849 770 2931 profuit,
804 2847 981 2929 dignusque
1008 2848 1080 2927 ruit,
1110 2850 1166 2930 qui
1193 2868 1214 2913 a

47 2951 50 2956 '
152 2953 287 3017 ltletello
309 2954 470 3017 coleretur
494 2953 531 3035 ⁷).
559 2955 607 3018 llo
628 2955 729 3037 igitur
748 2960 914 3037 postquem
933 2973 989 3018 res
1010 2961 1213 3037 pervenerat,

184 3173 212 3329 ἓ
231 3170 326 3314 11777773
346 3171 410 3314 761.
428 3251 516 3314 Auci.
539 3251 578 3312 ad
597 3248 668 3311 Her.
690 3252 713 3314 Ι.
736 3247 783 3311 12

188 3336 215 3414 ³)
237 3333 330 3395 Bruto
351 3334 371 3395 l.
391 3336 409 3395 Ι.
431 3334 479 3395 De
499 3332 584 3394 Orat
608 3337 632 3399 l.
653 3332 681 3394 7.
703 3335 759 3397 lll-
780 3329 809 3392 3.

186 3414 213 3494 n)
236 3416 298 3476 cic.
319 3415 367 3478 De
390 3416 470 3478 Orat·
495 3421 518 3481 1.
541 3415 591 3478 37.
814 3462 816 3468 -

187 3499 214 3576 ⁵)
235 3497 323 3559 Oros.
344 3498 423 3560 Hine
445 3497 483 3557 V.
506 3499 553 3562 17.

187 3583 213 3662 ⁰)
234 3580 264 3642 A
287 3581 365 3660 plan.
388 3580 424 3641 B.
445 3578 478 3639 C.
498 3578 520 3641 l.
544 3580 591 3641 55.
613 3598 680 3659 sqq.
700 3577 765 3640 Liv.
786 3578 868 3660 Epic.
897 3577 947 3640 77.
974 3577 1056 3640 Vell.
1077 3577 1144 3640 Pet.
1174 3585 1214 3645 ll.

240 3600 357 3745 [ἕω.
378 3661 457 3722 Flor.
479 3666 532 3727 111.
554 3661 603 3721 21.
626 3660 655 3721 6.

191 3744 346 3827 ⁷)Exstat
372 3743 451 3825 apud
486 3742 666 3804 Frontonem
696 3741 781 3803 loeus
809 3749 853 3823 (p.
882 3741 934 3808 46.
974 3740 1133 3820 Niebuhn)
1163 3744 1216 3805 ubi

233 3827 314 3891 Aelii
335 3827 444 3888 mentio
466 3825 510 3887 fit:
534 3824 618 3897 Quid
637 3822 696 3885 tale
711 3823 754 3887 M.
770 3825 884 3887 Porcio
903 3831 958 3887 aut
984 3823 1098 3894 Quinto
1112 3824 1216 3885 Ennio

235 3916 288 3972 out
320 3909 354 3974 C.
377 3906 518 3973 Graccho
558 3913 612 3970 cul
649 3906 726 3969 litio
767 3905 847 3984 (fort.
872 3908 991 3978 Titinio,
1013 3908 1061 3970 cui
1082 3908 1216 3969 comicus
