2692 4666
572 338 814 409 ..ω-

249 510 361 575 cicere
381 514 560 573 monstram
583 509 829 585 amonstranda
842 507 970 571 derivat
985 506 1024 568 de
1040 507 1113 569 Div.
1127 506 1153 569 1.
1175 510 1228 568 42.

245 619 316 680 Nat.
346 618 382 680 D.
413 618 452 678 11.
480 622 509 680 3.
535 616 605 680 Vid.
637 618 775 698 Herzog.
804 616 844 678 ad
874 615 955 680 Sall.
985 614 1083 679 Catil.
1111 617 1161 676 47.
1192 634 1231 694 p.

244 728 316 786 238.
337 742 404 806 sqq.

663 832 717 892 lx.

163 932 342 1002 FESWUS
362 956 390 1001 a.
411 934 570 1002 Naaeam.

224 1040 426 1123 NAUCUM,
447 1049 495 1110 ait
515 1040 634 1109 Aelius
653 1044 754 1122 stilo,
776 1046 916 1108 amnium
933 1059 1045 1107 reram
1059 1046 1226 1123 putamen.

672 1158 712 1216 x,
816 1200 819 1205 .

165 1255 343 1323 FESTUS
364 1278 391 1322 v.
408 1252 550 1323 Nebula.

202 1361 387 1429 Naaaao
406 1365 516 1429 dictas
536 1371 598 1442 eet,
619 1371 656 1429 at
676 1369 725 1429 ait
745 1358 864 1429 Aeliae
875 1361 976 1440 Stilo,
996 1364 1052 1446 qai
1068 1377 1135 1425 aaa
1150 1359 1227 1443 pla-

162 1474 213 1535 ris
234 1478 296 1547 est,
318 1489 415 1553 qaam
435 1470 566 1549 nabala,
588 1478 646 1536 aut
667 1475 723 1556 qai
744 1489 809 1534 aaa
836 1467 939 1549 facile
965 1472 1116 1553 perspici
1143 1485 1222 1550 pes-

164 1581 221 1655 sit,
243 1576 430 1659 assalierit,
450 1596 601 1662 nequam,
622 1584 771 1660 aayatar.

247 1684 338 1747 viad.
359 1688 499 1768 interpp.
521 1687 561 1749 ad
582 1685 612 1748 h.
634 1687 656 1748 1.

168 1890 323 1963 VARRO
344 1898 397 1963 De
416 1898 457 1964 L.
479 1898 520 1964 L.
547 1898 601 1966 VI.
623 1795 724 1966 ian

223 2004 355 2070 Anava
377 2009 471 2073 etiam
494 2016 670 2073 extremum
691 1998 990 2073 NOVISSIMUM
1011 2018 1132 2083 quoque
1160 1999 1225 2062 diei

164 2118 307 2194 coeptum
334 2117 440 2197 volgo,
468 2117 549 2200 quad
570 2136 640 2181 mea
660 2116 818 2193 memoria,
847 2117 882 2174 ut
902 2110 1022 2188 Aelius
1052 2110 1099 2171 sie
1129 2126 1225 2170 senes

164 2217 295 2301 aliquot,
316 2219 444 2284 nimium
465 2241 581 2285 navam
604 2222 737 2285 verbum
758 2219 840 2302 quad
861 2223 957 2296 esset,
978 2216 1133 2279 vitabant

164 2319 367 2389 Gabinis
388 2323 435 2389 X.
458 2335 507 2391 21.

230 2433 300 2493 Non
320 2435 430 2514 paucis
453 2436 563 2498 verbis
591 2435 634 2496 Μ.
663 2434 849 2498 Ciceronem
876 2431 1020 2494 noluisse
1050 2430 1098 2493 uti
1124 2430 1225 2493 mani-

162 2536 279 2599 festum
301 2545 359 2617 est,
382 2541 464 2621 quod
485 2560 524 2602 ea
544 2561 608 2604 non
629 2541 796 2622 prebaret;
825 2541 917 2601 velut
948 2543 999 2601 e‘st
1025 2543 1058 2600 et
1083 2539 1226 2601 novissi-

164 2658 239 2706 mas
260 2649 293 2705 et
314 2648 499 2709 novissime.
541 2650 619 2710 Nam
649 2667 741 2730 quum
768 2653 802 2709 et
830 2647 873 2707 Μ.
895 2645 975 2710 Cata
997 2650 1031 2708 et
1050 2644 1225 2709 Sallustius

167 2754 202 2812 et
229 2749 286 2811 alii
314 2769 436 2834 quoque
464 2755 581 2818 aetatis
603 2753 741 2835 ejusdem
763 2755 863 2817 verba
884 2753 947 2815 ista
974 2752 1130 2834 promisee
1160 2752 1224 2814 usi-

164 2857 224 2920 tati
247 2857 325 2945 sint3
354 2861 547 2924 abstinuisse
574 2880 612 2924 ea
640 2867 745 2924 nmen
771 2867 920 2941 tanquam
940 2877 1004 2921 nan
1031 2858 1149 2920 Latina
1176 2857 1226 2919 vi-

166 2965 268 3044 detur,
290 2967 436 3049 queniam
464 2969 517 3051 qui
545 2969 744 3031 doctissimus
772 2984 880 3029 earum
907 2972 1080 3046 temporum
1107 2964 1223 3042 fuerat,

164 3066 208 3134 L.
228 3067 346 3138 Aelius
366 3073 456 3139 salo
476 3082 512 3138 ut
532 3094 616 3139 nave
638 3081 671 3138 et
692 3074 833 3156 improba
855 3075 955 3136 verba
977 3074 1024 3135 uti
1050 3073 1225 3136 vitaverat.

165 3179 343 3260 Propterea
364 3182 438 3262 quid
459 3183 503 3244 M.
526 3202 647 3265 quoque
668 3184 773 3245 Varro
796 3182 835 3243 de
861 3180 926 3244 ista
954 3199 1033 3244 vace
1062 3182 1226 3244 existima·

165 3285 253 3347 verit
274 3287 384 3349 verbis
405 3289 485 3369 ipsis
507 3308 550 3352 ex
570 3291 654 3352 libro
676 3288 716 3350 de
744 3288 856 3368 lingua
881 3288 1001 3351 Latina
1027 3287 1068 3350 ad
1097 3287 1226 3352 Cicera-

164 3410 237 3455 nem
258 3401 350 3455 sexto
378 3395 655 3460 demonstrandum
686 3395 813 3478 putavi:
845 3391 944 3471 Quod
963 3399 1156 3471 extrenum,
1175 3395 1225 3458 irr-

167 3498 243 3581 quit,
276 3497 460 3576 dicebatur,
488 3501 556 3565 diei
598 3495 900 3566 NOVISSIMUM
931 3505 1082 3582 caeptum
1120 3499 1225 3582 esaya.

171 3602 269 3685 Quod
287 3624 360 3670 mea
380 3611 537 3670 mortaria
557 3613 594 3670 ut
614 3602 745 3682 Aeliae,
764 3611 817 3671 sic
836 3623 937 3671 senes
959 3605 1032 3683 alii,
1061 3607 1148 3690 quod
1174 3611 1225 3672 ni-

171 3716 268 3779 niam
291 3732 407 3778 noram
429 3711 560 3777 seriem
581 3720 681 3789 esset,
704 3712 856 3776 vitabant.

248 3822 333 3886 Aelii
354 3822 543 3903 fragmentis
564 3820 644 3884 haee
672 3821 906 3902 adscripsimus,
934 3822 1009 3903 qaia
1033 3841 1225 3904 magnopere

250 3930 403 4015 suspicor.
433 3950 450 3992 e
479 3929 580 3992 Genii
609 3929 681 3990 laea
715 3935 837 4010 patere,
873 3929 991 3993 alieubi
1026 3929 1059 3992 ia
1095 3928 1226 4011 seriptis
