2692 4666
88 515 184 579 tione
209 511 234 593 ¹)
256 518 354 595 potet
374 513 475 575 fuisse
503 514 607 591 etiem,
637 512 691 594 qui
718 511 900 577 cornelion
929 513 1057 579 celsum
1086 534 1159 579 euo-

89 629 200 684 torem
220 617 434 700 conjicerent3
456 638 548 702 quem
570 618 782 699 conjecturem
809 622 982 703 repudians
1008 624 1077 705 ipse
1099 623 1159 688 Su·

88 728 199 807 binus,
220 727 306 789 inter
327 725 510 791 Gallionem
531 732 564 789 et
585 726 788 791 cornificium
809 728 856 790 ite
875 726 1015 807 fluctuet,
1036 733 1072 792 ut
1092 736 1158 794 ter-

89 835 173 899 tium
194 824 348 915 quendam
369 833 466 897 simili
486 834 715 916 probabilitate
736 836 948 899 commendari
969 856 1073 918 posse,
1093 856 1158 903 non

93 940 217 1005 audeat
236 958 368 1022 negare.

152 1118 261 1201 Atque
282 1116 317 1182 hi
338 1118 463 1200 quidem
483 1117 645 1182 doctorum
665 1119 808 1183 virorum
828 1121 967 1200 labores,
988 1122 1022 1184 in
1053 1122 1159 1187 erudi-

91 1226 238 1291 tissimos
259 1224 405 1307 plerique
426 1226 668 1291 commentarios
689 1227 796 1306 relati,
826 1232 933 1309 opleto
962 1212 1079 1291 eventu
1107 1249 1159 1293 eu-

84 1337 242 1396 'ruerunt
285 1331 436 1395 Plurimis
466 1331 548 1395 enim
570 1332 748 1414 aequolimn
777 1333 936 1397 industrio
963 1341 997 1397 et
1024 1335 1160 1399 studium

93 1461 163 1504 non
184 1438 356 1517 satisfecit3
385 1438 448 1520 qui,
469 1457 561 1520 quum
582 1458 600 1502 e
627 1440 767 1504 maxime
794 1442 1025 1506 sententiarum
1054 1444 1160 1507 verie-

89 1552 163 1611 tate
186 1551 219 1610 et
239 1546 362 1628 ingenti
384 1547 548 1609 doctrinae
571 1553 726 1629 apparatu
748 1549 829 1611 certi
848 1549 923 1631 quid
940 1550 1052 1613 confici
1065 1570 1158 1632 posse

94 1657 317 1738 desperarent,
341 1653 594 1717 controversiam
615 1655 653 1718 de
668 1655 791 1718 incerto
811 1657 939 1719 doctore
955 1658 1160 1721 Herenniano

95 1762 237 1826 nondimr
258 1761 471 1845 probabiliter
492 1761 628 1824 solutum
648 1763 907 1842 pronuncierunt
929 1763 981 1825 Ex
999 1762 1050 1826 bis
1071 1765 1161 1847 digni

92 1877 182 1948 sumt,
203 1869 257 1951 qui
276 1873 498 1947 memorentur,
518 1863 776 1948 mosellanum),
798 1863 1032 1949 Ascanium),
1050 1865 1161 1936 Victo-

91 1970 223 2057 riost),
244 1973 417 2041 Corradus
426 1973 465 2056 ⁵),
485 1972 669 2039 Lambinus
676 1972 716 2055 ⁰),
738 1970 892 2053 Grisolue
905 1973 943 2055 ⁷),
962 1972 1107 2041 Muttine
1121 1974 1161 2058 ⁸),

174 2286 201 2347 il
220 2287 294 2368 Idey
295 2306 335 2347 no
356 2287 391 2348 di
410 2285 600 2347 Domiziono.
621 2286 663 2348 Εἰ
674 2286 795 2429 demptio
816 2306 877 2348 noo
894 2289 959 2370 pud
976 2310 1075 2351 essere
1083 2290 1160 2354 Vo-

172 2371 258 2450 pioio
279 2370 372 2449 Rufo.
393 2368 529 2430 Inooltre
549 2368 651 2429 Plinio
672 2369 722 2429 nel
758 2371 969 2453 unpoelopim
996 2371 1050 2433 ebe
1066 2376 1105 2453 fa
1126 2375 1161 2437 dl

175 2454 269 2534 quest'
298 2473 368 2513 uum
394 2451 535 2513 ouloroso
562 2451 605 2512 ΙΙ.
623 2450 684 2532 Ep
710 2452 736 2511 l
752 2451 847 2532 fralle
879 2454 1052 2516 mollissime
1081 2477 1159 2528 cose,

177 2535 235 2595 ebe
256 2555 294 2595 ne
315 2535 417 2596 dice
404 2555 437 2595 to
455 2534 535 2604 lude,
557 2554 618 2595 nou
635 2538 673 2615 so
693 2534 785 2596 aleon
805 2545 900 2598 molto
928 2540 963 2600 di
990 2538 1094 2601 lettere
1122 2560 1161 2600 oe

177 2617 213 2678 di
231 2617 309 2678 libri.
345 2617 391 2678 Or
412 2638 444 2677 se
470 2616 607 2696 Virpiuio
628 2619 714 2698 Rufo
736 2639 840 2680 aoesoe
867 2628 1036 2682 oeraonente
1063 2625 1163 2684 seriiti

177 2701 245 2782 que'
268 2699 346 2769 libri,
367 2699 479 2770 Plinio,
494 2698 549 2759 ebe
570 2721 663 2761 ooeoa
682 2703 714 2760 iou
735 2700 761 2761 ei
779 2722 860 2782 prou
870 2707 982 2784 preqio
1002 2704 1050 2804 9Ιί
1069 2707 1160 2775 studi,

177 2781 334 2843 oerebbelo
356 2781 417 2862 epli
436 2781 647 2844 dissimulato?
682 2783 744 2845 Cle
762 2787 821 2864 poi
839 2785 864 2845 il
887 2787 1035 2865 Virpinio,
1055 2788 1090 2848 cli
1110 2789 1161 2848 oie·

169 2866 267 2944 paria
289 2863 485 2935 Quintiliano,
506 2867 553 2924 oio
573 2865 689 2943 deletor
710 2867 756 2929 eIe'
776 2866 847 2928 libri
867 2869 911 2931 ad
930 2869 1075 2938 Ereooio,
1097 2890 1159 2929 non

177 2969 206 3008 ee
201 2947 268 3007 bo
287 2950 415 3027 ropione
436 2947 491 3009 ebe
512 2946 592 3008 busti
611 2969 629 3008 o
651 2971 672 3009 a
698 2948 833 3029 oeperlo,
863 2972 882 3011 o
908 2952 953 3010 ad
978 2951 1158 3031 offirooarlo

178 3030 405 3111 Adseripsimus
426 3029 511 3101 haee,
531 3032 670 3110 quoniam
692 3038 775 3093 reete
802 3032 955 3115 disputate
975 3033 1160 3095 ridebantur.

131 3115 155 3190 ¹)
178 3111 277 3173 Leett
298 3112 415 3175 suecis.
440 3110 460 3172 Ι
481 3114 510 3173 4

130 3197 157 3273 ²)
180 3194 271 3274 Apud
294 3194 390 3255 Sinib
410 3194 573 3255 Antonin
594 3195 721 3276 Dialogo
743 3195 822 3257 laud.

177 3277 357 3358 Diuquioitio
384 3276 571 3337 Aseeooiano
585 3283 685 3340 exstat
720 3280 748 3338 in
769 3277 875 3339 Rbett
902 3279 941 3340 ad
960 3280 1033 3343 Her.
1060 3279 1157 3362 Lugd
1272 3293 1277 3298 '

125 3277 153 3356 3)

126 3439 157 3564 ἒ)
180 3359 269 3502 25:13
273 3444 371 3506 lectt
393 3440 535 3502 lxxii.
557 3440 605 3501 24.

130 3525 160 3683 οΙ)
180 3522 401 3667 ΙΙΙΘΒΙΙἿΙΙῙ
422 3523 518 3666 llio
538 3605 608 3667 ner.
632 3607 679 3668 lo.

133 3691 159 3767 ⁹)
181 3688 307 3767 Despuit
328 3709 389 3769 qua
410 3687 534 3750 Rbetl
521 3688 588 3748 l.ibb
610 3690 654 3751 od
672 3676 746 3751 Her.
768 3694 899 3771 scriptos
920 3689 1159 3755 adducente

179 3713 852 3870 omoioopmioeredecloratblor.1550.

129 3852 331 3931 ⁸)Aduolt
324 3874 352 3914 rn
374 3855 473 3914 varios
495 3859 584 3914 euett.
607 3875 631 3915 e
653 3854 1155 3937 2.etL1bb0pinronump.457

180 3955 247 4019 sqq.
270 3935 316 3996 Cf.
337 3934 476 3997 Burman.
497 3937 515 3997 l.
537 3937 558 4001 l
579 3957 608 4017 p.
631 3935 680 4002 32

203 4106 227 4152 l«
