2692 4666
552 359 600 384 Π
648 300 701 398 ω
749 356 799 381 -

140 515 240 581 snpra
259 500 464 564 nomavinns
488 497 523 580 ¹).
551 499 656 565 cnusa
675 500 768 563 illius
788 498 901 562 exsilii
928 498 1121 562 tribunicius
1149 499 1213 566 Sa·

140 606 263 669 turnini
282 607 375 670 furor
394 607 465 686 fnit,
486 607 724 689 quipostquam
745 605 912 689 perversis
941 604 1088 668 consiliis
1118 608 1212 672 clan-

20 728 25 739 ·
141 713 339 796 ‹lestinisque
358 713 646 779 machinationibus
669 713 708 777 (le
728 719 818 776 matu
845 714 994 776 fortunae
1023 713 1129 778 Virmn
1159 716 1211 780 in-

140 820 345 902 tegerrimnm
371 821 543 887 deturbare
569 821 791 899 constituerat,
816 820 925 901 populi
952 820 1209 887 benivolentiam

140 918 359 992 instaurandis
387 928 603 993 Gracchorum
631 929 759 1011 legibus
796 924 947 1009 aucupari
979 927 1209 1002 meditabatur.

92 1127 102 1141 Ι
141 1035 223 1098 linio
242 1035 396 1098 seditioso
423 1037 489 1100 civi
516 1040 553 1114 0.
581 1035 699 1118 Caepio
721 1054 757 1099 se
777 1035 933 1117 opposuit,
960 1035 1209 1102 irrnnentarinrn

141 1249 294 1313 defendit
316 1253 354 1314 ln
375 1269 436 1334 qno
458 1251 547 1314 vitae
567 1250 711 1333 periculo
725 1250 992 1312 verisimillimum
1005 1255 1064 1328 est,
1078 1248 1209 1316 Aelium

139 1357 298 1422 Stilonem
318 1363 448 1440 praesto
477 1357 509 1420 ei
536 1357 637 1420 fuisse
667 1376 705 1421 sc
733 1355 902 1439 scripsisse
929 1356 1117 1438 orationem,
1144 1376 1211 1442 qua

139 1482 199 1547 pro
220 1484 256 1528 se
277 1471 431 1528 uteretur.
472 1467 552 1529 Nom
579 1484 671 1547 quum
695 1466 827 1529 foveret
853 1465 1057 1545 optinetilus
1082 1465 1208 1544 Aelius,

141 1572 310 1654 exsuliqne
331 1572 466 1636 Metello
488 1573 607 1636 socium
628 1592 663 1636 se
691 1571 889 1655 adjungeret,
915 1573 990 1636 fieri
1019 1573 1078 1637 vix
1101 1573 1207 1636 aliter

138 1680 289 1759 potnerit,
304 1680 379 1762 quin
394 1679 593 1763 Caepionem,
607 1682 662 1765 qui
683 1681 840 1744 adversus
861 1681 987 1762 patriae
1000 1680 1122 1744 hostem
1133 1679 1202 1741 for-

17 1806 27 1833 ·
139 1785 263 1849 tissime
283 1787 437 1868 stetisset,
459 1790 582 1853 auxilio
605 1808 661 1852 suo
683 1795 717 1853 et
736 1806 838 1872 opera
858 1794 1069 1867 sustentaret,
1088 1787 1202 1853 suur-

140 1892 249 1955 ninum
270 1912 359 1972 vero,
374 1895 429 1977 qui
449 1898 585 1959 salutem
605 1896 731 1977 patriae
751 1895 910 1977 perditam
930 1895 1117 1976 cupivissct,
1129 1893 1204 1957 olio

137 1997 273 2063 liaberet
286 2003 430 2085 omnique
445 2003 550 2066 studio
564 2008 822 2085 persequeretur.
836 2001 977 2083 Scripsit
994 2007 1108 2080 sontem
1119 2005 1206 2064 teste

140 2106 306 2188 Cicerone,
326 2109 482 2191 caepioni
501 2112 688 2189 orationem,
717 2129 809 2192 quum
828 2108 882 2172 hic
904 2128 926 2174 a
945 2107 1078 2172 Betncio
1099 2109 1208 2172 Burro

141 2220 230 2277 esset
246 2207 416 2279 ¹uccusotus
437 2215 480 2297 2);
510 2236 590 2299 quae
611 2223 718 2281 tamen
739 2215 900 2280 accusatio
926 2233 1000 2279 num
1024 2213 1210 2294 majestatis

141 2321 248 2401 inerit,
276 2329 372 2405 atque
399 2311 421 2387 a
450 2342 556 2403 cansa,
584 2341 677 2406 quam
696 2322 947 2401 memorsv‘unns,
971 2318 1057 2385 haud
1085 2321 1211 2399 aliena,

141 2446 205 2492 non
227 2436 360 2492 constat

202 2536 292 2598 llaec
312 2542 387 2598 sumt
407 2541 603 2617 argumenta,
624 2535 737 2619 quibus
759 2535 950 2599 sententium
967 2538 1112 2600 notram
1136 2534 1206 2597 niti

141 2657 180 2701 ac
200 2641 382 2705 confirmari
403 2649 557 2725 putamus.
584 2643 705 2720 Quodsi
720 2642 788 2725 jam
808 2645 982 2726 quaeritur,
1003 2641 1127 2706 nihilne
1149 2643 1210 2708 olr-

136 2743 196 2826 jici
222 2749 332 2829 possit,
359 2768 420 2832 quo
448 2751 630 2814 sententiae
656 2753 737 2815 tides
762 2757 913 2835 suspecta
937 2752 995 2814 iat
1019 2755 1077 2815 ant
1108 2768 1209 2832 argn-

139 2861 314 2919 mentorun
334 2858 387 2920 vis
406 2859 575 2937 minuatim,
587 2861 623 2922 in
638 2860 761 2942 triplici
774 2879 835 2923 nos
843 2865 995 2922 versatos
1013 2858 1208 2921 difficultate

138 2980 202 3026 non
224 2964 404 3028 diffitemur.
425 2968 633 3043 Quamobrem
658 2967 800 3030 «labimus
829 2984 967 3048 operam,
994 2971 1032 3028 at
1057 2963 1208 3046 singalas

139 3070 324 3152 singulatim
345 3075 580 3137 consideremus
602 3092 640 3137 ac
661 3071 878 3154 dijudicemus.
911 3071 958 3135 Ae
978 3072 1113 3155 primum
1134 3070 1207 3153 qni-

137 3176 209 3239 ‹lem
239 3181 352 3243 obesse
377 3183 470 3247 nobis
497 3182 616 3246 Lucilii
641 3199 758 3244 versus
788 3181 945 3259 videntum,
972 3198 1065 3261 quom
1090 3185 1209 3247 auctor

141 3285 183 3349 ad
203 3287 398 3352 lierenniun
417 3290 643 3372 reprehendit:

260 3417 329 3478 Hos
348 3437 398 3479 res
419 3420 465 3482 nd
484 3427 515 3482 te
535 3421 680 3500 scriptur,
703 3417 793 3488 Luci,
813 3371 960 3487 casinum,
976 3414 1047 3476 Aeta·
1067 3415 1100 3495 ³).

136 3550 259 3613 Deinde
286 3551 398 3614 mirari
426 3553 497 3635 quis
524 3553 636 3634 possit,
663 3571 762 3634 qnare
798 3550 911 3616 Cicero
940 3549 1115 3615 Rhetorica
1144 3567 1206 3612 sna

185 3771 196 3843 )
217 3763 252 3825 P·
273 3763 324 3826 3⁹·
345 3785 416 3849 soo·

186 3850 199 3924 )
220 3845 315 3908 Bruto
335 3848 386 3909 «16.

185 3928 274 4008 pov.
298 3930 344 3990 rs
