2692 4666
586 337 855 407 -3-·

168 506 283 572 lutose.
304 497 507 573 crediderim
528 510 636 570 eutem
656 522 727 589 epo,
758 512 816 571 ont
837 503 1012 572 (itceronts
1031 502 1146 587 filiam,
1167 511 1229 569 ont

170 610 243 699 ejus
264 611 416 677 libertum
434 610 614 690 Lonreum,
635 617 692 698 out
712 619 745 678 et
757 611 880 679 vicero
900 612 1009 678 dictus
1030 617 1093 688 est,
1113 628 1229 676 eornm

168 719 326 786 librorum
360 725 528 785 auctorem
563 717 681 802 ficisse.
723 719 791 800 Qnt
822 738 896 786 cum
929 718 1230 796 ontnotoernseet,

174 823 368 893 Ciceronem
388 825 430 892 de
450 823 643 892 Inventione
662 832 789 892 iontnm
806 830 1060 910 perscripsisse,
1090 831 1127 890 nt
1153 829 1231 907 ipse

170 933 355 999 rhetorices
381 940 563 1017 praecepto
588 931 763 999 scribendo
788 931 986 1010 absolveret,
1011 931 1052 996 cle
1079 929 1231 996 omnibns

166 1039 318 1126 portibus
337 1037 404 1106 sttt
422 1038 631 1105 scribendum
649 1044 778 1124 pulerit
800 1038 837 1121 ¹).
879 1043 981 1103 Porro
1008 1034 1117 1106 Amos
1142 1034 1230 1104 Pius

165 1144 342 1211 Manutius
370 1145 552 1209 dubitanter
584 1144 622 1225 ²),
656 1144 852 1208 confidenter
878 1163 967 1223 vero,
995 1164 1065 1208 curn
1092 1148 1231 1223 secutus,

61 1308 63 1312 ,
169 1248 203 1315 J.
226 1246 357 1317 ersor
376 1248 531 1333 Scotioer
552 1248 579 1331 i)
602 1249 785 1314 Gallionem
812 1248 974 1313 rhetorem
1001 1255 1175 1313 auctorem.
1188 1247 1231 1312 orl

166 1359 362 1423 Herennium
382 1357 502 1438 babuit,
523 1356 612 1438 cujus
632 1375 747 1421 nomen
768 1357 908 1421 exoletis
928 1358 1000 1420 iere
1021 1357 1129 1421 literis
1151 1356 1230 1418 titu-

56 1468 59 1473 ’
166 1465 220 1529 lus
241 1463 453 1547 antiquissimi
472 1462 584 1528 borum
610 1463 853 1529 Rhetoricorum
879 1464 1020 1547 exempli
1046 1464 1080 1528 in
1107 1439 1247 1528 biblio·

171 1571 267 1636 theca
294 1573 445 1636 Palatina
474 1571 618 1636 indicere
648 1572 827 1638 videbatur.
869 1571 936 1636 Sed
960 1570 1021 1635 boe
1050 1569 1160 1652 quanti
1186 1570 1233 1632 sit

169 1678 357 1758 babendum,
382 1698 515 1760 prorsus
543 1680 700 1744 incertum
734 1685 792 1759 est,
826 1697 918 1762 quum
950 1679 1126 1761 ignoretur,
1159 1677 1232 1758 quis

170 1787 290 1870 primus
319 1785 447 1850 titulum
472 1787 661 1868 inspexerit,
689 1792 782 1868 atque
819 1786 891 1850 fieri
921 1786 1032 1867 possit,
1068 1789 1103 1846 ut
1139 1785 1232 1847 fraus

171 1892 271 1956 fucrit
299 1893 490 1957 inventoris.
531 1894 710 1975 virginium
744 1895 997 1971 antemusium,
1027 1890 1115 1972 cujus
1145 1909 1233 1953 men-

172 2001 291 2064 tionem
320 2001 441 2083 Regius
470 1999 536 2081 jam
561 2003 694 2082 fecerat,
720 1996 909 2066 Antoninus
935 1997 1041 2063 Pinus
1071 2004 1233 2061 auctorem

173 2110 288 2192 probat
308 2106 347 2189 ι’),
375 2115 528 2192 putatque
557 2128 628 2172 cunr
655 2128 736 2188 esse,
765 2108 817 2191 qui
847 2107 888 2170 ad
916 2107 1111 2169 Herennium
1130 2105 1233 2170 Sene-

172 2218 296 2281 cionem
322 2217 460 2298 scripsit
514 2214 680 2296 Ejusdem·
693 2215 873 2279 sententiae
902 2215 1064 2294 particeps
1092 2213 1234 2276 traditur

172 2319 298 2388 Christ.
328 2321 495 2403 Proposto
524 2319 618 2389 lrlco
641 2321 677 2404 ὁ).
719 2322 772 2387 lix
802 2317 1072 2387 blanniacum
1093 2298 1235 2400 ‹lisputass

165 2494 392 2510 m

210 2597 237 2675 1)
259 2594 372 2654 comm.
395 2592 433 2654 ad
454 2593 516 2654 cio
537 2592 575 2652 de
596 2589 656 2651 lov.
1135 2641 1144 2660 ,

210 2679 235 2757 2)
256 2676 354 2756 Epist
376 2676 414 2739 ad
434 2675 617 2756 Naugerium
638 2673 668 2733 in
690 2671 800 2733 Comnn
823 2671 862 2733 ad
890 2670 951 2732 Oio.
979 2669 1018 2732 de
1046 2667 1137 2732 Rbet
1163 2670 1236 2732 libb.

210 2843 236 2923 3)
256 2758 502 2923 ἕξὲξιρτιξὸἐῖα
522 2843 626 2900 contre
646 2837 805 2900 Erasmum
826 2841 857 2899 et
877 2835 916 2898 de
936 2834 986 2897 Re
1006 2833 1091 2898 Poet.
1114 2834 1163 2899 lb.
1184 2834 1236 2897 31.

257 2927 381 3006 passim.
403 2924 608 2986 ciburneo.
630 2921 651 2984 l.
671 2921 689 2991 l.
710 2943 739 3003 p.
761 2919 810 2981 39.

210 3007 236 3088 ιι)
256 3007 341 3070 Note
362 3007 402 3069 od
421 3007 523 3081 Quint
543 3003 614 3065 lnst.
636 3003 685 3066 lll.
707 3005 735 3066 6.
756 3001 857 3065 Burm.

214 3090 238 3169 ⁵)
259 3088 443 3151 Tiraboscbi.
465 3089 543 3150 Stor.
565 3088 593 3148 d.
614 3087 726 3149 Letter.
748 3092 769 3148 t
791 3084 829 3145 lt.
848 3102 877 3164 p.
898 3082 975 3144 2472
1003 3081 1096 3144 Nolle
1124 3079 1238 3143 Btotto-

259 3180 329 3231 teco
349 3173 433 3252 dopli
451 3172 596 3234 Scritlom‘
615 3170 758 3232 Milonesi
777 3167 846 3230 tur
866 3165 1005 3245 Aryeloii
1025 3173 1083 3226 ort.
1117 3165 1183 3226 Vir
1189 3166 1239 3244 pi-

262 3257 360 3324 nine,
381 3253 496 3336 leppesi
506 3275 569 3314 nno
586 3254 705 3315 madito
719 3251 827 3313 lettera
845 3249 896 3310 det
913 3247 965 3310 ct
975 3247 1131 3327 Proposto
1148 3247 1239 3315 Irico‚

261 3339 295 3396 in
322 3338 373 3397 cni
399 3341 426 3398 si
454 3341 556 3417 sforzo
576 3338 611 3397 di
638 3338 829 3403 dimostrore,
858 3330 914 3391 obe
943 3329 967 3389 tt
997 3330 1134 3410 Virpc'nio
1162 3349 1239 3388 ronr-

261 3427 393 3481 montoso
426 3421 469 3482 da
500 3419 692 3489 Quintiliano
721 3418 738 3478 ὸ
766 3417 790 3477 il
826 3412 942 3474 celebro
977 3412 1114 3493 Virpinio
1144 3412 1240 3490 Rufo,

260 3502 316 3563 ebe
336 3503 420 3583 dopo
442 3522 513 3563 aver
529 3501 589 3581 piri
608 3501 687 3563 volte
707 3503 842 3560 ricnsoto
867 3494 1016 3575 Hmporo,
1045 3494 1122 3555 niori
1145 3496 1241 3574 pleno

260 3586 297 3646 et
322 3584 423 3665 ptorto
450 3606 466 3645 e
495 3585 530 3646 dt
554 3587 653 3645 meriti
680 3602 766 3643 oerso
805 3580 837 3640 to
862 3576 1055 3657 Repobbttoo
1081 3577 1241 3657 reprendo

259 3668 372 3739 Nereo,
393 3688 409 3728 e
430 3667 476 3728 cb'
498 3666 558 3747 epti
578 3666 595 3726 t
616 3665 748 3728 [Anione
769 3664 815 3724 de'
835 3661 905 3721 tion·
930 3661 975 3721 od
1001 3660 1136 3721 moneto
1156 3660 1241 3719 attri-

262 3751 337 3812 bretti
357 3772 378 3811 o
399 3749 552 3813 Cicerone.
574 3749 630 3811 Mn
651 3748 712 3829 epti
731 3746 748 3806 ὲ
770 3752 863 3814 certo,
894 3742 949 3804 cbo
974 3742 997 3803 a
1030 3743 1177 3822 Vispinio,
1208 3741 1243 3801 di

262 3836 313 3895 cni
343 3832 530 3903 Quintiliano
563 3833 702 3911 rupiano,
724 3851 778 3892 ero
804 3825 858 3908 pilo
885 3833 992 3896 morto,
1024 3825 1149 3907 quondo
1180 3821 1242 3901 epu

264 3918 407 3986 scrivere,
429 3917 470 3977 ed
489 3914 506 3974 ὲ
527 3913 704 3995 imorepobr'le,
726 3911 780 3974 clue
809 3907 995 3983 Quintiliano
1026 3909 1134 3970 scrisse
1162 3912 1242 3967 sotto
